%% This BibTeX bibliography file was created using BibDesk.
%% http://bibdesk.sourceforge.net/

%% Created for Ragnar-Olaf Buchweitz at 2016-04-06 16:16:20 +0200 


%% Saved with string encoding Unicode (UTF-8) 


@preamble{"\def\cprime{$'$} "}

@article {GeigleLenzing,
    AUTHOR = {Geigle, Werner and Lenzing, Helmut},
     TITLE = {Perpendicular categories with applications to representations
              and sheaves},
   JOURNAL = {J. Algebra},
  FJOURNAL = {Journal of Algebra},
    VOLUME = {144},
      YEAR = {1991},
    NUMBER = {2},
     PAGES = {273--343},
      ISSN = {0021-8693},
   MRCLASS = {16D90 (16G20 18E10 18E30 18E35)},
  MRNUMBER = {1140607},
MRREVIEWER = {Jeremy Rickard},
       DOI = {10.1016/0021-8693(91)90107-J},
       URL = {http://dx.doi.org.myaccess.library.utoronto.ca/10.1016/0021-8693(91)90107-J},
}

@incollection {HaRa,
    AUTHOR = {Hauser, H. and Randell, R.},
     TITLE = {Report on the problem session},
 BOOKTITLE = {Singularities ({I}owa {C}ity, {IA}, 1986)},
    SERIES = {Contemp. Math.},
    VOLUME = {90},
     PAGES = {119--134},
 PUBLISHER = {Amer. Math. Soc., Providence, RI},
      YEAR = {1989},
   MRCLASS = {32C40 (14B05 32B30 32G11)},
  MRNUMBER = {1000597},
       URL = {https://doi.org/10.1090/conm/090/1000597},
}
@book{Arnold85,
	Address = {Boston, MA},
	Author = {Arnol{\cprime}d, V. I. and Guse{\u\i}n\phantom{l}Zade, S. M. and Varchenko, A. N.},
	Note = {The classification of critical points, caustics and wave fronts, Translated from the Russian by Ian Porteous and Mark Reynolds},
	Pages = {xi+382},
	Publisher = {Birkh\"auser Boston Inc.},
	Series = {Monographs in Mathematics},
	Title = {Singularities of differentiable maps. {V}ol. {I}},
	Volume = {82},
	Year = {1985}}

@article{PsaroudakisVitoria,
	Author = {Psaroudakis, C. and Vit{\'o}ria, J.},
	Fjournal = {Applied Categorical Structures. A Journal Devoted to Applications of Categorical Methods in Algebra, Analysis, Order, Topology and Computer Science},
	Journal = {Appl. Categ. Structures},
	Number = {4},
	Pages = {579--593},
	Title = {Recollements of module categories},
	Volume = {22},
	Year = {2014}}
	
@Article{BuchweitzMFO,
author={Buchweitz, R.-O.},
title="{From platonic solids to preprojective algebras via the McKay correspondence}",
year={2012},
journal={Oberwolfach Jahresbericht},
pages={18--28}
}


@article {Shcherbak,
    AUTHOR = {Shcherbak, O. P.},
     TITLE = {Wave fronts and reflection groups},
   JOURNAL = {Uspekhi Mat. Nauk},
  FJOURNAL = {Akademiya Nauk SSSR i Moskovskoe Matematicheskoe Obshchestvo.
              Uspekhi Matematicheskikh Nauk},
    VOLUME = {43},
      YEAR = {1988},
    NUMBER = {3(261)},
     PAGES = {125--160, 271, 272},
      ISSN = {0042-1316},
   MRCLASS = {58C27 (20H15)},
  MRNUMBER = {955776},
MRREVIEWER = {Stanis\l aw Tadeusz Janeczko},
       DOI = {10.1070/RM1988v043n03ABEH001741},
       URL = {https://doi.org/10.1070/RM1988v043n03ABEH001741},
}

@incollection {Lyashko84,
    AUTHOR = {Lyashko, O. V.},
     TITLE = {Geometry of bifurcation diagrams},
 BOOKTITLE = {Current problems in mathematics, {V}ol. 22},
    SERIES = {Itogi Nauki i Tekhniki},
     PAGES = {94--129},
 PUBLISHER = {Akad. Nauk SSSR, Vsesoyuz. Inst. Nauchn. i Tekhn. Inform.,
              Moscow},
      YEAR = {1983},
   MRCLASS = {32B30 (14B07 58C27)},
  MRNUMBER = {735441},
MRREVIEWER = {Gerhard Pfister},
}

@article {Lyashko79,
    AUTHOR = {Lja\v{s}ko, O. V.},
     TITLE = {The geometry of bifurcation diagrams},
   JOURNAL = {Uspekhi Mat. Nauk},
  FJOURNAL = {Akademiya Nauk SSSR i Moskovskoe Matematicheskoe Obshchestvo.
              Uspekhi Matematicheskikh Nauk},
    VOLUME = {34},
      YEAR = {1979},
    NUMBER = {3(207)},
     PAGES = {205--206},
      ISSN = {0042-1316},
   MRCLASS = {32B30},
  MRNUMBER = {542251},
MRREVIEWER = {Peter Giblin},
}
	
@article {Cohen,
    AUTHOR = {Cohen, A. M.},
     TITLE = {Finite complex reflection groups},
   JOURNAL = {Ann. Sci. \'Ecole Norm. Sup. (4)},
  FJOURNAL = {Annales Scientifiques de l'\'Ecole Normale Sup\'erieure. Quatri\`eme
              S\'erie},
    VOLUME = {9},
      YEAR = {1976},
    NUMBER = {3},
     PAGES = {379--436},
      ISSN = {0012-9593},
   MRCLASS = {20H15},
  MRNUMBER = {0422448},
MRREVIEWER = {E. Vinberg},
       URL = {http://www.numdam.org/item?id=ASENS_1976_4_9_3_379_0},
}

@book {Carter,
    AUTHOR = {Carter, Roger W.},
     TITLE = {Finite groups of {L}ie type},
    SERIES = {Wiley Classics Library},
      NOTE = {Conjugacy classes and complex characters,
              Reprint of the 1985 original,
              A Wiley-Interscience Publication},
 PUBLISHER = {John Wiley \& Sons, Ltd., Chichester},
      YEAR = {1993},
     PAGES = {xii+544},
      ISBN = {0-471-94109-3},
   MRCLASS = {20C33 (20-02 20G40)},
  MRNUMBER = {1266626},
}

	@article {DoFI,
    AUTHOR = {Doherty, B. and Faber, E. and Ingalls, C.},
     TITLE = {Computing global dimension of endomorphism rings via ladders},
   JOURNAL = {J. Algebra},
  FJOURNAL = {Journal of Algebra},
    VOLUME = {458},
      YEAR = {2016},
     PAGES = {307--350},
      ISSN = {0021-8693},
   MRCLASS = {16G30 (13C14 14B05 16E10 16G70)},
  MRNUMBER = {3500780},
MRREVIEWER = {Graham J. Leuschke},
       DOI = {10.1016/j.jalgebra.2016.03.020},
       URL = {http://dx.doi.org/10.1016/j.jalgebra.2016.03.020},
}
	
	@book {LehrerTaylor,
    AUTHOR = {Lehrer, G. I. and Taylor, D. E.},
     TITLE = {Unitary reflection groups},
    SERIES = {Australian Mathematical Society Lecture Series},
    VOLUME = {20},
 PUBLISHER = {Cambridge University Press, Cambridge},
      YEAR = {2009},
     PAGES = {viii+294},
      ISBN = {978-0-521-74989-3},
   MRCLASS = {20F55},
  MRNUMBER = {2542964},
MRREVIEWER = {O. V. Shvartsman},
}

@article{KnoerrerCohenMacaulay,
	Author = {Kn{\"o}rrer, Horst},
	Coden = {INVMBH},
	Doi = {10.1007/BF01405095},
	Fjournal = {Inventiones Mathematicae},
	Issn = {0020-9910},
	Journal = {Invent. Math.},
	Mrclass = {14B05 (13C15)},
	Mrnumber = {877010 (88d:14004)},
	Mrreviewer = {Tom{\'a}s S{\'a}nchez-Giralda},
	Number = {1},
	Pages = {153--164},
	Title = {Cohen-{M}acaulay modules on hypersurface singularities. {I}},
	Url = {http://dx.doi.org/10.1007/BF01405095},
	Volume = {88},
	Year = {1987},
	Bdsk-Url-1 = {http://dx.doi.org/10.1007/BF01405095}}

@article{Riemenschneider,
	Author = {Riemenschneider, O.},
	Fjournal = {Mathematische Zeitschrift},
	Journal = {Math. Z.},
	Number = {1},
	Title = {Die {I}nvarianten der endlichen {U}ntergruppen von {${\rm GL}(2,{\bf C})$}},
	Volume = {153},
	Year = {1977}}
	
	
	

@incollection{Bilodeau,
	Author = {Bilodeau, J.},
	Booktitle = {Representations of algebras and related topics},
	Pages = {99--107},
	Publisher = {Amer. Math. Soc., Providence, RI},
	Series = {Fields Inst. Commun.},
	Title = {Auslander algebras and simple plane curve singularities},
	Volume = {45},
	Year = {2005}}

@article{Cox1,
	Author = {Coxeter, H. S. M.},
	Fjournal = {Annals of Mathematics. Second Series},
	Journal = {Ann. of Math. (2)},
	Number = {3},
	Pages = {588--621},
	Title = {Discrete groups generated by reflections},
	Volume = {35},
	Year = {1934}}

@incollection{Bro,
	Author = {Broer, A.},
	Booktitle = {Symmetry and spaces},
	Mrclass = {13A50},
	Pages = {21--34},
	Publisher = {Birkh\"auser Boston, Inc., Boston, MA},
	Series = {Progr. Math.},
	Title = {On {C}hevalley-{S}hephard-{T}odd's theorem in positive characteristic},
	Volume = {278},
	Year = {2010}}

@incollection{BuchweitzMoritaContext,
	Author = {Buchweitz, Ragnar-Olaf},
	Booktitle = {Commutative algebra ({G}renoble/{L}yon, 2001)},
	Doi = {10.1090/conm/331/05901},
	Mrclass = {16E40 (13D03 16D90)},
	Mrnumber = {2011764 (2005a:16011)},
	Mrreviewer = {Kenneth A. Brown},
	Pages = {25--53},
	Publisher = {Amer. Math. Soc., Providence, RI},
	Series = {Contemp. Math.},
	Title = {Morita contexts, idempotents, and {H}ochschild cohomology---with applications to invariant rings},
	Url = {http://dx.doi.org/10.1090/conm/331/05901},
	Volume = {331},
	Year = {2003},
	Bdsk-Url-1 = {http://dx.doi.org/10.1090/conm/331/05901}}

@article{Che,
	Author = {Chevalley, C.},
	Fjournal = {American Journal of Mathematics},
	Issn = {0002-9327},
	Journal = {Amer. J. Math.},
	Mrclass = {20.0X},
	Mrnumber = {0072877 (17,345d)},
	Mrreviewer = {J. Dieudonn{\'e}},
	Pages = {778--782},
	Title = {Invariants of finite groups generated by reflections},
	Volume = {77},
	Year = {1955}}
	
	@preamble{
   "\def\cprime{$'$} "
}
@article {Kirillov,
    AUTHOR = {Kirillov, A. A.},
     TITLE = {Polynomial covariants of the symmetric group and some of its
              analogues},
   JOURNAL = {Funktsional. Anal. i Prilozhen.},
  FJOURNAL = {Akademiya Nauk SSSR. Funktsional\cprime ny\u\i\ Analiz i ego
              Prilozheniya},
    VOLUME = {18},
      YEAR = {1984},
    NUMBER = {1},
     PAGES = {74--75},
      ISSN = {0374-1990},
   MRCLASS = {20B30 (20C30)},
  MRNUMBER = {739098},
MRREVIEWER = {{\=E}. S. Kryachko},
}

@article{Cox2,
	Author = {Coxeter, H. S. M.},
	Doi = {10.1112/jlms/s1-9.3.213},
	Fjournal = {The Journal of the London Mathematical Society},
	Journal = {J. London Math. Soc.},
	Mrclass = {Contributed Item},
	Mrnumber = {1574186},
	Number = {3},
	Pages = {213},
	Title = {Abstract {G}roups of the {F}orm {V}1k = {V}i3 = ({V}i{V}i)2 = 1},
	Url = {http://dx.doi.org/10.1112/jlms/s1-9.3.213},
	Volume = {S1-9},
	Bdsk-Url-1 = {http://dx.doi.org/10.1112/jlms/s1-9.3.213}}
	
	
	@article {FranjouPirashvili,
    AUTHOR = {Franjou, Vincent and Pirashvili, Teimuraz},
     TITLE = {Comparison of abelian categories recollements},
   JOURNAL = {Doc. Math.},
  FJOURNAL = {Documenta Mathematica},
    VOLUME = {9},
      YEAR = {2004},
     PAGES = {41--56 (electronic)},
      ISSN = {1431-0635},
   MRCLASS = {18E40},
  MRNUMBER = {2054979},
MRREVIEWER = {Luca Barbieri Viale},
}

@book{Hum,
	Author = {Humphreys, James E.},
	Doi = {10.1017/CBO9780511623646},
	Isbn = {0-521-37510-X},
	Mrclass = {20-02 (20F32 20F55 20G15 20H15)},
	Mrnumber = {1066460 (92h:20002)},
	Mrreviewer = {Louis Solomon},
	Pages = {xii+204},
	Publisher = {Cambridge University Press, Cambridge},
	Series = {Cambridge Studies in Advanced Mathematics},
	Title = {Reflection groups and {C}oxeter groups},
	Url = {http://dx.doi.org/10.1017/CBO9780511623646},
	Volume = {29},
	Year = {1990},
	Bdsk-Url-1 = {http://dx.doi.org/10.1017/CBO9780511623646}}

@article{KMa,
	Author = {Kemper, G. and Malle, G.},
	Doi = {10.1007/BF01234631},
	Fjournal = {Transformation Groups},
	Issn = {1083-4362},
	Journal = {Transform. Groups},
	Mrclass = {13A50 (20C20)},
	Mrnumber = {1439246 (98a:13012)},
	Mrreviewer = {Frank D. Grosshans},
	Number = {1},
	Pages = {57--89},
	Title = {The finite irreducible linear groups with polynomial ring of invariants},
	Url = {http://dx.doi.org/10.1007/BF01234631},
	Volume = {2},
	Year = {1997},
	Bdsk-Url-1 = {http://dx.doi.org/10.1007/BF01234631}}

@article{KKu1,
	Author = {Kostant, Bertram and Kumar, Shrawan},
	Coden = {PNASA6},
	Doi = {10.1073/pnas.83.6.1543},
	Fjournal = {Proceedings of the National Academy of Sciences of the United States of America},
	Issn = {0027-8424},
	Journal = {Proc. Nat. Acad. Sci. U.S.A.},
	Mrclass = {17B55 (22E65)},
	Mrnumber = {831908 (88b:17025a)},
	Mrreviewer = {H. H. Andersen},
	Number = {6},
	Pages = {1543--1545},
	Title = {The nil {H}ecke ring and cohomology of {$G/P$} for a {K}ac-{M}oody group {$G$}},
	Url = {http://dx.doi.org/10.1073/pnas.83.6.1543},
	Volume = {83},
	Year = {1986},
	Bdsk-Url-1 = {http://dx.doi.org/10.1073/pnas.83.6.1543}}

@article{KKu2,
	Author = {Kostant, Bertram and Kumar, Shrawan},
	Coden = {ADMTA4},
	Doi = {10.1016/0001-8708(86)90101-5},
	Fjournal = {Advances in Mathematics},
	Issn = {0001-8708},
	Journal = {Adv. in Math.},
	Mrclass = {17B55 (22E65)},
	Mrnumber = {866159 (88b:17025b)},
	Mrreviewer = {H. H. Andersen},
	Number = {3},
	Pages = {187--237},
	Title = {The nil {H}ecke ring and cohomology of {$G/P$} for a {K}ac-{M}oody group {$G$}},
	Url = {http://dx.doi.org/10.1016/0001-8708(86)90101-5},
	Volume = {62},
	Year = {1986},
	Bdsk-Url-1 = {http://dx.doi.org/10.1016/0001-8708(86)90101-5}}

@article{LSch,
	Author = {Lascoux, Alain and Sch{\"u}tzenberger, Marcel-Paul},
	Coden = {DSMHA4},
	Doi = {10.1016/0012-365X(92)90372-M},
	Fjournal = {Discrete Mathematics},
	Issn = {0012-365X},
	Journal = {Discrete Math.},
	Mrclass = {20C30 (05E15 14M15 20G05)},
	Mrnumber = {1158787 (93c:20030)},
	Mrreviewer = {Louis Solomon},
	Number = {1-3},
	Pages = {165--179},
	Title = {D\'ecompositions dans l'alg\`ebre des diff\'erences divis\'ees},
	Url = {http://dx.doi.org/10.1016/0012-365X(92)90372-M},
	Volume = {99},
	Year = {1992},
	Bdsk-Url-1 = {http://dx.doi.org/10.1016/0012-365X(92)90372-M}}

@article{Mit1,
	Author = {Mitchell, Howard H.},
	Coden = {TAMTAM},
	Doi = {10.2307/1988576},
	Fjournal = {Transactions of the American Mathematical Society},
	Issn = {0002-9947},
	Journal = {Trans. Amer. Math. Soc.},
	Mrclass = {20G15},
	Mrnumber = {1500887},
	Number = {2},
	Pages = {207--242},
	Title = {Determination of the ordinary and modular ternary linear groups},
	Url = {http://dx.doi.org/10.2307/1988576},
	Volume = {12},
	Year = {1911},
	Bdsk-Url-1 = {http://dx.doi.org/10.2307/1988576}}

@article{Mit2,
	Author = {Mitchell, Howard H.},
	Coden = {TAMTAM},
	Doi = {10.2307/1988774},
	Fjournal = {Transactions of the American Mathematical Society},
	Issn = {0002-9947},
	Journal = {Trans. Amer. Math. Soc.},
	Mrclass = {14N05},
	Mrnumber = {1500941},
	Number = {1},
	Pages = {123--142},
	Title = {Determination of the finite quaternary linear groups},
	Url = {http://dx.doi.org/10.2307/1988774},
	Volume = {14},
	Year = {1913},
	Bdsk-Url-1 = {http://dx.doi.org/10.2307/1988774}}

@article{Mit3,
	Author = {Mitchell, Howard H.},
	Coden = {AJMAAN},
	Doi = {10.2307/2370513},
	Fjournal = {American Journal of Mathematics},
	Issn = {0002-9327},
	Journal = {Amer. J. Math.},
	Mrclass = {Contributed Item},
	Mrnumber = {1506202},
	Number = {1},
	Pages = {1--12},
	Title = {Determination of {A}ll {P}rimitive {C}ollineation {G}roups in {M}ore than {F}our {V}ariables which {C}ontain {H}omologies},
	Url = {http://dx.doi.org/10.2307/2370513},
	Volume = {36},
	Year = {1914},
	Bdsk-Url-1 = {http://dx.doi.org/10.2307/2370513}}

@book{Passman,
	Author = {Passman, Donald S.},
	Isbn = {0-8218-0714-5},
	Mrclass = {16A27},
	Mrnumber = {840467 (87e:16033)},
	Mrreviewer = {E. Formanek},
	Pages = {viii+71},
	Publisher = {Published for the Conference Board of the Mathematical Sciences, Washington, DC; by the American Mathematical Society, Providence, RI},
	Series = {CBMS Regional Conference Series in Mathematics},
	Title = {Group rings, crossed products and {G}alois theory},
	Volume = {64},
	Year = {1986}}

@article{BuchweitzRoberts,
	Author = {Buchweitz, Ragnar-Olaf and Roberts, Collin},
	Doi = {10.1016/j.jpaa.2014.05.002},
	Fjournal = {Journal of Pure and Applied Algebra},
	Issn = {0022-4049},
	Journal = {J. Pure Appl. Algebra},
	Mrclass = {13D03 (13C40 16E40 18G10)},
	Mrnumber = {3279363},
	Number = {3},
	Pages = {402--428},
	Title = {The multiplicative structure on {H}ochschild cohomology of a complete intersection},
	Url = {http://dx.doi.org/10.1016/j.jpaa.2014.05.002},
	Volume = {219},
	Year = {2015},
	Bdsk-Url-1 = {http://dx.doi.org/10.1016/j.jpaa.2014.05.002}}

@article{Ser,
	Author = {Serre, J.P.},
	Journal = {Colloque d'Alg\`ebre ENSJF},
	Pages = {8-01--8-11},
	Title = {Groupes finis d'automorphismes d'anneaux locaux r\'eguliers},
	Year = {1967}}
	


@article{STo,
	Author = {Shephard, G. C. and Todd, J. A.},
	Fjournal = {Canadian Journal of Mathematics. Journal Canadien de Math\'ematiques},
	Issn = {0008-414X},
	Journal = {Canadian J. Math.},
	Mrclass = {20.0X},
	Mrnumber = {0059914 (15,600b)},
	Mrreviewer = {H. S. M. Coxeter},
	Pages = {274--304},
	Title = {Finite unitary reflection groups},
	Volume = {6},
	Year = {1954}}

@article{Wag1,
	Author = {Wagner, Ascher},
	Coden = {GEMDAT},
	Doi = {10.1007/BF00147439},
	Fjournal = {Geometriae Dedicata},
	Issn = {0304-4637},
	Journal = {Geom. Dedicata},
	Mrclass = {20H15},
	Mrnumber = {578199 (81g:20096)},
	Mrreviewer = {E. W. Ellers},
	Number = {2},
	Pages = {239--253},
	Title = {Determination of the finite primitive reflection groups over an arbitrary field of characteristic not {$2$}. {I}},
	Url = {http://dx.doi.org/10.1007/BF00147439},
	Volume = {9},
	Year = {1980},
	Bdsk-Url-1 = {http://dx.doi.org/10.1007/BF00147439}}

@article{Wag2,
	Author = {Wagner, Ascher},
	Coden = {GEMDAT},
	Doi = {10.1007/BF01447423},
	Fjournal = {Geometriae Dedicata},
	Issn = {0304-4637},
	Journal = {Geom. Dedicata},
	Mrclass = {20H15 (51F15)},
	Mrnumber = {608141 (82g:20076)},
	Mrreviewer = {E. W. Ellers},
	Number = {1-4},
	Pages = {191--203, 475--523},
	Title = {Determination of the finite primitive reflection groups over an arbitrary field of characteristic not two. {II}, {III}},
	Url = {http://dx.doi.org/10.1007/BF01447423},
	Volume = {10},
	Year = {1981},
	Bdsk-Url-1 = {http://dx.doi.org/10.1007/BF01447423}}

@article{Wit,
	Author = {Witt, Ernst},
	Journal = {Abh. Math. Sem. Hansischen Univ.},
	Mrclass = {09.1X},
	Mrnumber = {0005099 (3,100f)},
	Mrreviewer = {O. F. G. Schilling},
	Pages = {289--322},
	Title = {Spiegelungsgruppen und {A}ufz\"ahlung halbeinfacher {L}iescher {R}inge},
	Volume = {14},
	Year = {1941}}

@article{ZSe,
	Author = {Zalesski{\u\i}, A. E. and Sere{\v{z}}kin, V. N.},
	Fjournal = {Izvestiya Akademii Nauk SSSR. Seriya Matematicheskaya},
	Issn = {0373-2436},
	Journal = {Izv. Akad. Nauk SSSR Ser. Mat.},
	Mrclass = {20H15},
	Mrnumber = {603578 (82i:20060)},
	Mrreviewer = {V. D. Mazurov},
	Number = {6},
	Pages = {1279--1307, 38},
	Title = {Finite linear groups generated by reflections},
	Volume = {44},
	Year = {1980}}

@article{FruehbisKrueger,
	Author = {Fr{\"u}hbis-Kr{\"u}ger, A.},
	Coden = {COALDM},
	Doi = {10.1080/00927879908826678},
	Fjournal = {Communications in Algebra},
	Issn = {0092-7872},
	Journal = {Comm. Algebra},
	Mrclass = {32S05 (14H20 32S30)},
	Mrnumber = {1700205 (2000f:32037)},
	Mrreviewer = {Jan Stevens},
	Number = {8},
	Pages = {3993--4013},
	Title = {Classification of simple space curve singularities},
	Url = {http://dx.doi.org/10.1080/00927879908826678},
	Volume = {27},
	Year = {1999},
	Bdsk-Url-1 = {http://dx.doi.org/10.1080/00927879908826678}}

@article{KellyRadical,
	Author = {Kelly, G. M.},
	Fjournal = {Australian Mathematical Society. Journal. Series A. Pure Mathematics and Statistics},
	Issn = {0263-6115},
	Journal = {J. Austral. Math. Soc.},
	Mrclass = {18.10 (18.15)},
	Mrnumber = {0170922 (30 \#1157)},
	Mrreviewer = {A. Heller},
	Pages = {299--307},
	Title = {On the radical of a category},
	Volume = {4},
	Year = {1964}}

@article{Eisenbud80,
	Author = {Eisenbud, D.},
	Coden = {TAMTAM},
	Doi = {10.2307/1999875},
	Fjournal = {Transactions of the American Mathematical Society},
	Issn = {0002-9947},
	Journal = {Trans. Amer. Math. Soc.},
	Mrclass = {13D25 (13H10 14M10 18G10 20C20)},
	Mrnumber = {570778 (82d:13013)},
	Mrreviewer = {D. Kirby},
	Number = {1},
	Pages = {35--64},
	Title = {Homological algebra on a complete intersection, with an application to group representations},
	Url = {http://dx.doi.org/10.2307/1999875},
	Volume = {260},
	Year = {1980},
	Bdsk-Url-1 = {http://dx.doi.org/10.2307/1999875}}

@incollection{AuslanderFunctors,
	Author = {Auslander, Maurice},
	Booktitle = {Representation theory of algebras ({P}roc. {C}onf., {T}emple {U}niv., {P}hiladelphia, {P}a., 1976)},
	Mrclass = {18E05 (16A64 18G10)},
	Mrnumber = {0480688 (58 \#844)},
	Mrreviewer = {Petr Nemec},
	Pages = {1--244. Lecture Notes in Pure Appl. Math., Vol. 37},
	Publisher = {Dekker, New York},
	Title = {Functors and morphisms determined by objects},
	Year = {1978}}

@article{IgusaTodorovRadical,
	Author = {Igusa, Kiyoshi and Todorov, Gordana},
	Coden = {JALGA4},
	Doi = {10.1016/0021-8693(84)90238-2},
	Fjournal = {Journal of Algebra},
	Issn = {0021-8693},
	Journal = {J. Algebra},
	Mrclass = {16A64 (16A62)},
	Mrnumber = {748231 (86f:16029a)},
	Mrreviewer = {Sheila Brenner},
	Number = {1},
	Pages = {105--147},
	Title = {Radical layers of representable functors},
	Url = {http://dx.doi.org/10.1016/0021-8693(84)90238-2},
	Volume = {89},
	Year = {1984},
	Bdsk-Url-1 = {http://dx.doi.org/10.1016/0021-8693(84)90238-2}}

@book{KahnDiss,
	Author = {Kahn, C. P. M.},
	Note = {Dissertation, Rheinische Friedrich-Wilhelms-Universit{\"a}t, Bonn, 1988},
	Pages = {184},
	Publisher = {Universit\"at Bonn, Mathematisches Institut, Bonn},
	Series = {Bonner Mathematische Schriften [Bonn Mathematical Publications], 188},
	Title = {Reflexive {M}oduln auf einfach-elliptischen {F}l\"achensingularit\"aten},
	Year = {1988}}

@article{Dieterich,
	Author = {Dieterich, E.},
	Fjournal = {Memoirs of the American Mathematical Society},
	Journal = {Mem. Amer. Math. Soc.},
	Number = {450},
	Pages = {xx+140},
	Title = {Solution of a nondomestic tame classification problem from integral representation theory of finite groups {$(\Lambda=RC\sb 3,\;v(3)=4)$}},
	Volume = {92},
	Year = {1991}}

@incollection{Dieterich85,
	Author = {Dieterich, E.},
	Booktitle = {Singularities, representation of algebras, and vector bundles ({L}ambrecht, 1985)},
	Pages = {244--264},
	Publisher = {Springer, Berlin},
	Series = {Lecture Notes in Math.},
	Title = {The {A}uslander-{R}eiten quiver of an isolated singularity},
	Volume = {1273},
	Year = {1987}}

@article{TakahashiResolving,
	Author = {Takahashi, R.},
	Coden = {AJMAAN},
	Doi = {10.1353/ajm.2011.0011},
	Fjournal = {American Journal of Mathematics},
	Issn = {0002-9327},
	Journal = {Amer. J. Math.},
	Mrclass = {13C60 (13C14 13H10)},
	Mrnumber = {2797352 (2012h:13027)},
	Mrreviewer = {Lars Winther Christensen},
	Number = {2},
	Pages = {417--436},
	Title = {Contravariantly finite resolving subcategories over commutative rings},
	Url = {http://dx.doi.org/10.1353/ajm.2011.0011},
	Volume = {133},
	Year = {2011},
	Bdsk-Url-1 = {http://dx.doi.org/10.1353/ajm.2011.0011}}

@article{IyamaHigher,
	Author = {Iyama, O.},
	Coden = {ADMTA4},
	Doi = {10.1016/j.aim.2006.06.002},
	Fjournal = {Advances in Mathematics},
	Issn = {0001-8708},
	Journal = {Adv. Math.},
	Mrclass = {16E30 (16G70)},
	Mrnumber = {2298819 (2008f:16015)},
	Mrreviewer = {Cristi{\'a}n Novoa},
	Number = {1},
	Pages = {22--50},
	Title = {Higher-dimensional {A}uslander-{R}eiten theory on maximal orthogonal subcategories},
	Url = {http://dx.doi.org/10.1016/j.aim.2006.06.002},
	Volume = {210},
	Year = {2007},
	Bdsk-Url-1 = {http://dx.doi.org/10.1016/j.aim.2006.06.002}}

@article{IyamaTau1,
	Author = {Iyama, O.},
	Coden = {ARTHF4},
	Doi = {10.1007/s10468-005-0968-5},
	Fjournal = {Algebras and Representation Theory},
	Issn = {1386-923X},
	Journal = {Algebr. Represent. Theory},
	Mrclass = {16G30 (16G70)},
	Mrnumber = {2176139 (2006e:16031)},
	Mrreviewer = {Wolfgang Rump},
	Number = {3},
	Pages = {297--321},
	Title = {{$\tau$}-categories. {I}. {L}adders},
	Url = {http://dx.doi.org/10.1007/s10468-005-0968-5},
	Volume = {8},
	Year = {2005},
	Bdsk-Url-1 = {http://dx.doi.org/10.1007/s10468-005-0968-5}}

@article{IyamaTau2,
	Author = {Iyama, O.},
	Coden = {ARTHF4},
	Doi = {10.1007/s10468-005-0969-4},
	Fjournal = {Algebras and Representation Theory},
	Issn = {1386-923X},
	Journal = {Algebr. Represent. Theory},
	Mrclass = {18E05 (16G30)},
	Mrnumber = {2199205 (2006i:18013)},
	Mrreviewer = {Wolfgang Rump},
	Number = {4},
	Pages = {449--477},
	Title = {{$\tau$}-categories. {II}. {N}akayama pairs and rejective subcategories},
	Url = {http://dx.doi.org/10.1007/s10468-005-0969-4},
	Volume = {8},
	Year = {2005},
	Bdsk-Url-1 = {http://dx.doi.org/10.1007/s10468-005-0969-4}}

@article{IyamaTau3,
	Author = {Iyama, Osamu},
	Coden = {ARTHF4},
	Doi = {10.1007/s10468-005-0970-y},
	Fjournal = {Algebras and Representation Theory},
	Issn = {1386-923X},
	Journal = {Algebr. Represent. Theory},
	Mrclass = {16G30},
	Mrnumber = {2189575 (2006i:16022)},
	Mrreviewer = {Wolfgang Rump},
	Number = {5},
	Pages = {601--619},
	Title = {{$\tau$}-categories. {III}. {A}uslander orders and {A}uslander-{R}eiten quivers},
	Url = {http://dx.doi.org/10.1007/s10468-005-0970-y},
	Volume = {8},
	Year = {2005},
	Bdsk-Url-1 = {http://dx.doi.org/10.1007/s10468-005-0970-y}}

@incollection{GreenMV96,
	Address = {Providence, RI},
	Author = {Green, Edward L. and Mart{\'{\i}}nez-Villa, Roberto},
	Booktitle = {Algebras and modules, {II} ({G}eiranger, 1996)},
	Mrclass = {16W50 (16G20)},
	Mrnumber = {1648629 (99k:16091)},
	Mrreviewer = {Alexander E. Polishchuk},
	Pages = {227--244},
	Publisher = {Amer. Math. Soc.},
	Series = {CMS Conf. Proc.},
	Title = {Koszul and {Y}oneda algebras. {II}},
	Volume = {24},
	Year = {1998}}

@incollection{Aus1,
	Author = {Auslander, Maurice},
	Booktitle = {Representation theory, {II} ({O}ttawa, {O}nt., 1984)},
	Doi = {10.1007/BFb0075297},
	Mrclass = {13H10 (14B05 16A64)},
	Mrnumber = {842486 (87j:13029)},
	Mrreviewer = {W. V. Vasconcelos},
	Pages = {194--242},
	Publisher = {Springer, Berlin},
	Series = {Lecture Notes in Math.},
	Title = {Isolated singularities and existence of almost split sequences},
	Url = {http://dx.doi.org/10.1007/BFb0075297},
	Volume = {1178},
	Year = {1986},
	Bdsk-Url-1 = {http://dx.doi.org/10.1007/BFb0075297}}

@article{DlabRingel,
	Author = {Dlab, Vlastimil and Ringel, Claus Michael},
	Fjournal = {Comptes Rendus Math\'ematiques de l'Acad\'emie des Sciences. La Soci\'et\'e Royale du Canada. Mathematical Reports of the Academy of Science. The Royal Society of Canada},
	Issn = {0706-1994},
	Journal = {C. R. Math. Acad. Sci. Soc. R. Can.},
	Mrclass = {16E10 (16S50)},
	Mrnumber = {2494382 (2010a:16012)},
	Mrreviewer = {Sverre O. Smal{\o}},
	Number = {3},
	Pages = {89--96},
	Title = {The global dimension of the endomorphism ring of a generator-cogenerator for a hereditary {A}rtin algebra},
	Volume = {30},
	Year = {2008}}

@article{BGSKoszul,
	Author = {Beilinson, Alexander and Ginzburg, Victor and Soergel, Wolfgang},
	Doi = {10.1090/S0894-0347-96-00192-0},
	Fjournal = {Journal of the American Mathematical Society},
	Issn = {0894-0347},
	Journal = {J. Amer. Math. Soc.},
	Mrclass = {17B10 (14F10 16W50)},
	Mrnumber = {1322847 (96k:17010)},
	Mrreviewer = {Rolf K{\"a}llstr{\"o}m},
	Number = {2},
	Pages = {473--527},
	Title = {Koszul duality patterns in representation theory},
	Url = {http://dx.doi.org/10.1090/S0894-0347-96-00192-0},
	Volume = {9},
	Year = {1996},
	Bdsk-Url-1 = {http://dx.doi.org/10.1090/S0894-0347-96-00192-0}}

@book{Vasconcelos98,
	Address = {Berlin},
	Author = {Vasconcelos, W.~V.},
	Note = {With chapters by David Eisenbud, Daniel R. Grayson, J{\"u}rgen Herzog and Michael Stillman},
	Pages = {xii+394},
	Publisher = {Springer-Verlag},
	Series = {Algorithms and Computation in Mathematics},
	Title = {Computational methods in commutative algebra and algebraic geometry},
	Volume = {2},
	Year = {1998}}

@book{Hazewinkeletc,
	Address = {Dordrecht},
	Author = {Hazewinkel, M. and Gubareni, N. and Kirichenko, V. V.},
	Pages = {xii+380},
	Publisher = {Kluwer Academic Publishers},
	Series = {Mathematics and its Applications},
	Title = {Algebras, rings and modules. {V}ol. 1},
	Volume = {575},
	Year = {2004}}

@book{EvansGriffith,
	Address = {Cambridge},
	Author = {Evans, E. G. and Griffith, P.},
	Pages = {vi+124},
	Publisher = {Cambridge University Press},
	Series = {London Mathematical Society Lecture Note Series},
	Title = {Syzygies},
	Volume = {106},
	Year = {1985}}

@article{Auslander86,
	Author = {Auslander, M.},
	Journal = {Transactions of the AMS},
	Number = {2},
	Pages = {511--531},
	Title = {{Rational singularities and almost split sequences}},
	Volume = {293},
	Year = {1986}}

@article{IyamaWemyss10a,
	Author = {Iyama, O. and Wemyss, M.},
	Journal = {Math. Z.},
	Number = {1},
	Pages = {41--83},
	Title = {{The Classification of Special Cohen-Macaulay Modules}},
	Volume = {265},
	Year = {2010}}

@article{BrownHajarnavis84,
	Author = {Brown, K. A. and Hajarnavis, C. R.},
	Fjournal = {Transactions of the American Mathematical Society},
	Journal = {Trans. Amer. Math. Soc.},
	Number = {1},
	Pages = {197--208},
	Title = {Homologically homogeneous rings},
	Volume = {281},
	Year = {1984}}

@article{AuslanderPlatzeckTodorov,
	Author = {Auslander, M. and Platzeck, M. I. and Todorov, G.},
	Fjournal = {Transactions of the American Mathematical Society},
	Journal = {Trans. Amer. Math. Soc.},
	Number = {2},
	Pages = {667--692},
	Title = {Homological theory of idempotent ideals},
	Volume = {332},
	Year = {1992}}

@article{BoehmDeckerSchulze,
	Author = {B{\"o}hm, Janko and Decker, Wolfram and Schulze, Mathias},
	Doi = {10.1142/S0218196714500064},
	Fjournal = {International Journal of Algebra and Computation},
	Issn = {0218-1967},
	Journal = {Internat. J. Algebra Comput.},
	Mrclass = {Preliminary Data},
	Mrnumber = {3189667},
	Number = {1},
	Pages = {69--94},
	Title = {Local analysis of {G}rauert--{R}emmert-type normalization algorithms},
	Url = {http://dx.doi.org/10.1142/S0218196714500064},
	Volume = {24},
	Year = {2014},
	Bdsk-Url-1 = {http://dx.doi.org/10.1142/S0218196714500064}}

@article{AuslanderBuchweitz,
	Author = {Auslander, M. and Buchweitz, R.-O.},
	Fjournal = {M\'emoires de la Soci\'et\'e Math\'ematique de France. Nouvelle S\'erie},
	Issn = {0037-9484},
	Journal = {M\'em. Soc. Math. France (N.S.)},
	Mrclass = {13C14 (13H10)},
	Mrnumber = {1044344 (91h:13010)},
	Mrreviewer = {Dieter Happel},
	Note = {Colloque en l'honneur de Pierre Samuel (Orsay, 1987)},
	Number = {38},
	Pages = {5--37},
	Title = {The homological theory of maximal {C}ohen-{M}acaulay approximations},
	Year = {1989}}

@incollection{HappelPreiserRingel,
	Author = {Happel, D. and Preiser, U. and Ringel, C.},
	Booktitle = {Representation theory, {II} ({P}roc. {S}econd {I}nternat. {C}onf., {C}arleton {U}niv., {O}ttawa, {O}nt., 1979)},
	Mrclass = {16A64 (16A35)},
	Mrnumber = {607159 (82g:16027)},
	Mrreviewer = {Idun Reiten},
	Pages = {280--294},
	Publisher = {Springer, Berlin},
	Series = {Lecture Notes in Math.},
	Title = {Vinberg's characterization of {D}ynkin diagrams using subadditive functions with application to {$D{\rm Tr}$}-periodic modules},
	Volume = {832},
	Year = {1980}}

@article{BuchweitzConca,
	Author = {Buchweitz, R.-O. and Conca, A.},
	Note = {{\tt arXiv:1211.4327v1}},
	Title = {{New free divisors from old}},
	Year = {2012}}

@article{Vasconcelos11,
	Author = {Vasconcelos, W.},
	Note = {{\tt arXiv:1109.0203v2}},
	Title = {{On the radical of endomorphism rings of local modules}},
	Year = {2011}}

@article{DaoTakahashiDim,
	Author = {Dao, H. and Takahashi, R.},
	Note = {{\tt arXiv:1203.1955v2 [math.AC]}},
	Title = {{The dimension of a subcategory of modules}},
	Year = {2012}}

@article{GoodearlSmall,
	Author = {Goodearl, K. R. and Small, L. W.},
	Fjournal = {Proceedings of the American Mathematical Society},
	Journal = {Proc. Amer. Math. Soc.},
	Number = {2},
	Pages = {175--178},
	Title = {Krull versus global dimension in {N}oetherian {P}.{I}. rings},
	Volume = {92},
	Year = {1984}}

@article{AuslanderSmalo,
	Author = {Auslander, M. and Smal{\o}, S. O.},
	Coden = {JALGA4},
	Doi = {10.1016/0021-8693(80)90113-1},
	Fjournal = {Journal of Algebra},
	Issn = {0021-8693},
	Journal = {J. Algebra},
	Mrclass = {16A64},
	Mrnumber = {591246 (83a:16039)},
	Mrreviewer = {V. Dlab},
	Number = {1},
	Pages = {61--122},
	Title = {Preprojective modules over {A}rtin algebras},
	Url = {http://dx.doi.org/10.1016/0021-8693(80)90113-1},
	Volume = {66},
	Year = {1980},
	Bdsk-Url-1 = {http://dx.doi.org/10.1016/0021-8693(80)90113-1}}

@article{Leuschke07,
	Author = {Leuschke, G. J.},
	Fjournal = {Canadian Journal of Mathematics. Journal Canadien de Math\'ematiques},
	Journal = {Canad. J. Math.},
	Number = {2},
	Pages = {332--342},
	Title = {Endomorphism rings of finite global dimension},
	Volume = {59},
	Year = {2007}}

@article{StaffVdB08,
	Author = {Stafford, J. T. and Van den Bergh, M.},
	Doi = {10.1307/mmj/1220879430},
	Fjournal = {Michigan Mathematical Journal},
	Issn = {0026-2285},
	Journal = {Michigan Math. J.},
	Mrclass = {14A22 (16S38)},
	Mrnumber = {2492474 (2010d:14002)},
	Mrreviewer = {Eivind Eriksen},
	Note = {Special volume in honor of Melvin Hochster},
	Pages = {659--674},
	Title = {Noncommutative resolutions and rational singularities},
	Url = {http://dx.doi.org/10.1307/mmj/1220879430},
	Volume = {57},
	Year = {2008},
	Bdsk-Url-1 = {http://dx.doi.org/10.1307/mmj/1220879430}}

@article{IY,
	Author = {Ingalls, C. and Yasuda, T.},
	Note = {private communication}}

@article{BallardFaveroKatzarkov,
	Author = {Ballard, M. and Favero, D. and Katzarkov, L.},
	Coden = {INVMBH},
	Doi = {10.1007/s00222-011-0367-y},
	Fjournal = {Inventiones Mathematicae},
	Issn = {0020-9910},
	Journal = {Invent. Math.},
	Mrclass = {14F05 (13D09 18E30)},
	Mrnumber = {2947547},
	Mrreviewer = {Arvid Perego},
	Number = {2},
	Pages = {359--430},
	Title = {Orlov spectra: bounds and gaps},
	Url = {http://dx.doi.org/10.1007/s00222-011-0367-y},
	Volume = {189},
	Year = {2012},
	Bdsk-Url-1 = {http://dx.doi.org/10.1007/s00222-011-0367-y}}

@article{BLvdB10,
	Author = {Buchweitz, R.-O. and Leuschke, G. J. and van den Bergh, M.},
	Journal = {Invent. Math.},
	Number = {1},
	Pages = {47--115},
	Title = {{Non-commutative desingularization of determinantal varieties I}},
	Volume = {182},
	Year = {2010}}

@incollection{Leuschke12,
	Address = {Berlin},
	Author = {Leuschke, G. J.},
	Booktitle = {Progress in commutative algebra 1},
	Pages = {293--361},
	Publisher = {de Gruyter},
	Title = {Non-commutative crepant resolutions: scenes from categorical geometry},
	Year = {2012}}

@book{LeuschkeWiegand,
	Address = {Providence, RI},
	Author = {Leuschke, G. J. and Wiegand, R.},
	Pages = {xviii+367},
	Publisher = {American Mathematical Society},
	Series = {Mathematical Surveys and Monographs},
	Title = {Cohen-{M}acaulay representations},
	Volume = {181},
	Year = {2012}}

@article{BurbanIyamaKellerReiten,
	Author = {Burban, I. and Iyama, O. and Keller, B. and Reiten, I.},
	Fjournal = {Advances in Mathematics},
	Journal = {Adv. Math.},
	Number = {6},
	Pages = {2443--2484},
	Title = {Cluster tilting for one-dimensional hypersurface singularities},
	Volume = {217},
	Year = {2008}}
	
	
@article{DaoIyamaWemyssetc,
	Author = {Dao, H. and Iyama, O. and Iyengar, S. and Takahashi, R. and Wemyss, M. and Yoshino, Y.},
	Title = {Noncommutative resolutions using syzygies},
	Year = {2016},
	note={\tt arXiv:1609.04842}}
	
	
	@article {Bannai,
    AUTHOR = {Bannai, Etsuko},
     TITLE = {Fundamental groups of the spaces of regular orbits of the
              finite unitary reflection groups of dimension {$2$}},
   JOURNAL = {J. Math. Soc. Japan},
  FJOURNAL = {Journal of the Mathematical Society of Japan},
    VOLUME = {28},
      YEAR = {1976},
    NUMBER = {3},
     PAGES = {447--454},
      ISSN = {0025-5645},
   MRCLASS = {22E40 (20H15 32C40 32M05 20E40)},
  MRNUMBER = {0407199},
MRREVIEWER = {H. S. M. Coxeter},
       DOI = {10.2969/jmsj/02830447},
       URL = {http://dx.doi.org/10.2969/jmsj/02830447},
}

@book{Bass69,
	Author = {Bass, H.},
	Pages = {xx+762},
	Publisher = {W. A. Benjamin, Inc., New York-Amsterdam},
	Title = {Algebraic {$K$}-theory},
	Year = {1968}}
	
	@incollection {GeckMalle,
    AUTHOR = {Geck, Meinolf and Malle, Gunter},
     TITLE = {Reflection groups},
 BOOKTITLE = {Handbook of algebra. {V}ol. 4},
    SERIES = {Handb. Algebr.},
    VOLUME = {4},
     PAGES = {337--383},
 PUBLISHER = {Elsevier/North-Holland, Amsterdam},
      YEAR = {2006},
   MRCLASS = {20F55 (20F36)},
  MRNUMBER = {2523423},
MRREVIEWER = {Jean Michel},
       DOI = {10.1016/S1570-7954(06)80009-4},
       URL = {http://dx.doi.org/10.1016/S1570-7954(06)80009-4},
}
	

@incollection{vandenBergh04,
	Address = {Berlin},
	Author = {Van den Bergh, M.},
	Booktitle = {The legacy of Niels Henrik Abel},
	Pages = {749--770},
	Publisher = {Springer},
	Title = {Non-commutative crepant resolutions},
	Year = {2004}}

@article{vandenBerghflops04,
	Author = {Van den Bergh, M.},
	Journal = {Duke Math. J.},
	Number = {3},
	Pages = {423--455},
	Title = {Three-dimensional flops and noncommutative rings},
	Volume = {122},
	Year = {2004}}

@book{Yos,
	Address = {Cambridge},
	Author = {Yoshino, Y.},
	Publisher = {Cambridge University Press},
	Series = {London Mathematical Society Lecture Note Series},
	Title = {Cohen--Macaulay modules over Cohen--Macaulay rings},
	Volume = {146},
	Year = {1990}}

@article{Yoshino87,
	Author = {Yoshino, Y.},
	Fjournal = {Journal of the Mathematical Society of Japan},
	Journal = {J. Math. Soc. Japan},
	Number = {4},
	Pages = {719--739},
	Title = {Brauer-{T}hrall type theorem for maximal {C}ohen-{M}acaulay modules},
	Volume = {39},
	Year = {1987}}

@article{AuslanderReiten88,
	Author = {Auslander, M. and Reiten, I.},
	Journal = {Proc. AMS},
	Number = {4},
	Pages = {1022--1024},
	Title = {Grothendieck groups of algebras with nilpotent annihilators},
	Volume = {103},
	Year = {1988}}

@article{ReitenVandenbergh,
	Author = {Reiten, I. and Van den Bergh, M.},
	Fjournal = {Memoirs of the American Mathematical Society},
	Journal = {Mem. Amer. Math. Soc.},
	Number = {408},
	Pages = {viii+72},
	Title = {Two-dimensional tame and maximal orders of finite representation type},
	Volume = {80},
	Year = {1989}}

@book{Reiner75,
	Author = {Reiner, I.},
	Note = {London Mathematical Society Monographs, No. 5},
	Pages = {xii+395},
	Publisher = {Academic Press [A subsidiary of Harcourt Brace Jovanovich, Publishers], London-New York},
	Title = {Maximal orders},
	Year = {1975}}

@book{Pierce82,
	Address = {New York},
	Author = {Pierce, R. S.},
	Note = {Studies in the History of Modern Science, 9},
	Pages = {xii+436},
	Publisher = {Springer-Verlag},
	Series = {Graduate Texts in Mathematics},
	Title = {Associative algebras},
	Volume = {88},
	Year = {1982}}

@book{Assem06,
	Address = {Cambridge},
	Author = {Assem, I. and Simson, D. and Skowro{\'n}ski, A.},
	Note = {Techniques of representation theory},
	Pages = {x+458},
	Publisher = {Cambridge University Press},
	Series = {London Mathematical Society Student Texts},
	Title = {Elements of the representation theory of associative algebras. {V}ol. 1},
	Volume = {65},
	Year = {2006}}

@book{Auslander-Reiten-Smalo,
	Address = {Cambridge},
	Author = {Auslander, M. and Reiten, I. and Smal{\o}, S. O.},
	Note = {Corrected reprint of the 1995 original},
	Pages = {xiv+425},
	Publisher = {Cambridge University Press},
	Series = {Cambridge Studies in Advanced Mathematics},
	Title = {Representation theory of {A}rtin algebras},
	Volume = {36},
	Year = {1997}}

@article{AuslanderDimensionIII,
	Author = {Auslander, M.},
	Fjournal = {Nagoya Mathematical Journal},
	Journal = {Nagoya Math. J.},
	Pages = {67--77},
	Title = {On the dimension of modules and algebras. {III}. {G}lobal dimension},
	Volume = {9},
	Year = {1955}}

@book{McConnellRobson,
	Address = {Providence, RI},
	Author = {McConnell, J. C. and Robson, J. C.},
	Edition = {Revised},
	Note = {With the cooperation of L. W. Small},
	Pages = {xx+636},
	Publisher = {American Mathematical Society},
	Series = {Graduate Studies in Mathematics},
	Title = {Noncommutative {N}oetherian rings},
	Volume = {30},
	Year = {2001}}

@article{DaoHuneke,
	Author = {Dao, Hailong and Huneke, Craig},
	Doi = {10.1353/ajm.2013.0021},
	Fjournal = {American Journal of Mathematics},
	Issn = {0002-9327},
	Journal = {Amer. J. Math.},
	Mrclass = {13H10 (13C14 13D07 14B05)},
	Mrnumber = {3038721},
	Mrreviewer = {P. Schenzel},
	Number = {2},
	Pages = {561--578},
	Title = {Vanishing of {E}xt, cluster tilting modules and finite global dimension of endomorphism rings},
	Url = {http://dx.doi.org/10.1353/ajm.2013.0021},
	Volume = {135},
	Year = {2013},
	Bdsk-Url-1 = {http://dx.doi.org/10.1353/ajm.2013.0021}}

@article{deJong98,
	Author = {de Jong, T.},
	Fjournal = {Journal of Symbolic Computation},
	Journal = {J. Symbolic Comput.},
	Number = {3},
	Pages = {273--277},
	Title = {An algorithm for computing the integral closure},
	Volume = {26},
	Year = {1998}}
	
@book{Klein,
	Address = {Berlin},
	Author = {F. Klein},
	Publisher = {Birkhauser Verlag},
	Title = "{Vorlesungen \"uber das Ikosaeder und die Aufl\"osung der Gleichungen vom f\"unften Grade}",
	note = {Reprint of the 1884 original, edited, with an introduction and commentary by Peter Slodowy},
	Year = {1993}}


@article{Wilson78,
	Author = {Wilson, P. M. H.},
	Fjournal = {Mathematical Proceedings of the Cambridge Philosophical Society},
	Journal = {Math. Proc. Cambridge Philos. Soc.},
	Number = {3},
	Pages = {445--450},
	Title = {On blowing up conductor ideals},
	Volume = {83},
	Year = {1978}}

@article{GrangerSchulze11,
	Author = {M. Granger and M. Schulze},
	Note = {preprint},
	Title = {Dual logarithmic residues and free complete intersections},
	Year = {2011}}

@article{Faber12a,
	Author = {Faber, E.},
	Journal = {Math. Ann.},
	Pages = {995--1020},
	Title = {Characterizing normal crossing hypersurfaces},
	Volume = {361},
	Year = {2015}}

@article{DFI,
	Author = {H. Dao and E. Faber and C. Ingalls},
	Journal = {Algebr. Represent. Theory},
	Number = {3},
	Pages = {633--664},
	Title = {Noncommutative (crepant) desingularizations and the global spectrum of commutative rings},
	Volume = {18},
	Year = {2015}}

@article{BFI-ICRA,
	Author = {R.-O. Buchweitz and E. Faber and C. Ingalls},
	Title = {Noncommutative resolutions of discriminants},
	Note={to appear in the proceedings of the ICRA 2016},
	Year = {2017}}
	
@article{BFI,
	Author = {R.-O. Buchweitz and E. Faber and C. Ingalls},
	Title = "{A McKay correspondence for reflection groups}",
	Note={\url{https://arxiv.org/abs/1709.04218}},
	Year = {2017}}

@article{DaoFaber,
	Author = {H. Dao and E. Faber},
	Note = {in preparation},
	Title = {On global dimension of endomorphism rings},
	Year = {2014}}

@article{ErdmannHolmIyamaSchroeer,
	Author = {Erdmann, Karin and Holm, Thorsten and Iyama, Osamu and Schr{\"o}er, Jan},
	Fjournal = {Advances in Mathematics},
	Journal = {Adv. Math.},
	Number = {1},
	Pages = {159--177},
	Title = {Radical embeddings and representation dimension},
	Volume = {185},
	Year = {2004}}

@article{Faber12,
	Author = {E. Faber},
	Journal = {Publ. RIMS},
	Note = {{\tt arXiv:1201.2186}},
	Title = {Towards transversality of singular varieties: splayed divisors},
	Year = {2013}}
	
	
@article{Krause,
	Author = {H. Krause},
	Note = {{\tt arXiv:1506.01485 [math.RT]}},
	Title = {Highest weight categories and recollements},
	Year = {2015}}

@article{Vasconcelos70,
	Author = {Vasconcelos, Wolmer V.},
	Fjournal = {Pacific Journal of Mathematics},
	Issn = {0030-8730},
	Journal = {Pacific J. Math.},
	Mrclass = {13.40},
	Mrnumber = {0279086 (43 \#4812)},
	Mrreviewer = {J. C. Fogarty},
	Pages = {795--798},
	Title = {On commutative endomorphism rings},
	Volume = {35},
	Year = {1970}}

@article{AuslanderGoldman,
	Author = {Auslander, Maurice and Goldman, Oscar},
	Fjournal = {Transactions of the American Mathematical Society},
	Issn = {0002-9947},
	Journal = {Trans. Amer. Math. Soc.},
	Mrclass = {16.00 (18.00)},
	Mrnumber = {0117252 (22 \#8034)},
	Mrreviewer = {C. W. Curtis},
	Pages = {1--24},
	Title = {Maximal orders},
	Volume = {97},
	Year = {1960}}

@article{BuchweitzWarwick,
	Address = {University of Warwick},
	Author = {R.-O. Buchweitz},
	Note = {Talk at Free divisors workshop, University of Warwick},
	Title = {Desingularizing free divisors},
	Year = {2011}}

@article{WemyssGL,
	Author = {Wemyss, M.},
	Coden = {MAANA},
	Doi = {10.1007/s00208-010-0572-9},
	Fjournal = {Mathematische Annalen},
	Issn = {0025-5831},
	Journal = {Math. Ann.},
	Mrclass = {14E16 (14B05 16G20)},
	Mrnumber = {2805639 (2012f:14022)},
	Mrreviewer = {I. Dolgachev},
	Number = {3},
	Pages = {631--659},
	Title = {The {${\rm GL}(2,\Bbb C)$} {M}c{K}ay correspondence},
	Url = {http://dx.doi.org/10.1007/s00208-010-0572-9},
	Volume = {350},
	Year = {2011},
	Bdsk-Url-1 = {http://dx.doi.org/10.1007/s00208-010-0572-9}}

@article{IyamaWemyss10,
	Author = {Iyama, O. and Wemyss, M.},
	Fjournal = {Inventiones Mathematicae},
	Journal = {Invent. Math.},
	Number = {3},
	Pages = {521--586},
	Title = {Maximal modifications and {A}uslander-{R}eiten duality for non-isolated singularities},
	Volume = {197},
	Year = {2014}}

@article{DaoIyamaTakahashiVial,
	Author = {Dao, H. and Iyama, O. and Takahashi, R. and Vial, C.},
	Fjournal = {Journal of Noncommutative Geometry},
	Journal = {J. Noncommut. Geom.},
	Number = {1},
	Pages = {21--34},
	Title = {Non-commutative resolutions and {G}rothendieck groups},
	Volume = {9},
	Year = {2015}}

@article{IyamaRejective,
	Author = {O. Iyama},
	Note = {{\tt arXiv:0311281v1}},
	Title = {{Rejective subcategories of artin algebras and orders}},
	Year = {2003}}

@article{IyamaKalckWemyssYang,
	Author = {O. Iyama and M. Kalck and M. Wemyss and D. Yang},
	Title = {{Frobenius categories, Gorenstein algebras and rational surface singularities}}}

@article{Iyama07,
	Author = {Iyama, O.},
	Fjournal = {Advances in Mathematics},
	Issn = {0001-8708},
	Journal = {Adv. Math.},
	Number = {1},
	Pages = {51--82},
	Title = {Auslander correspondence},
	Volume = {210},
	Year = {2007}}

@article{Dao10,
	Author = {Dao, H.},
	Fjournal = {Advances in Mathematics},
	Journal = {Adv. Math.},
	Number = {3},
	Pages = {1021--1030},
	Title = {Remarks on non-commutative crepant resolutions of complete intersections},
	Volume = {224},
	Year = {2010}}

@article{DlabRingel08,
	Author = {Dlab, V. and Ringel, C. M.},
	Fjournal = {Comptes Rendus Math\'ematiques de l'Acad\'emie des Sciences. La Soci\'et\'e Royale du Canada. Mathematical Reports of the Academy of Science. The Royal Society of Canada},
	Journal = {C. R. Math. Acad. Sci. Soc. R. Can.},
	Number = {3},
	Pages = {89--96},
	Title = {The global dimension of the endomorphism ring of a generator-cogenerator for a hereditary {A}rtin algebra},
	Volume = {30},
	Year = {2008}}

@article{BKR,
	Author = {Bridgeland, T. and King, A. and Reid, M.},
	Journal = {J. Amer. Math. Soc.},
	Number = {3},
	Pages = {535--554},
	Title = {{The MacKay correspondence as an equivalence of derived categories}},
	Volume = {14},
	Year = {2001}}

@article{Bridgeland02,
	Author = {Bridgeland, T.},
	Journal = {Invent. Math.},
	Number = {3},
	Pages = {613--632},
	Title = {{Flops and derived categories}},
	Volume = {147},
	Year = {2002}}
	
@article {ReidBourbaki,
    AUTHOR = {Reid, Miles},
     TITLE = {La correspondance de {M}c{K}ay},
      NOTE = {S\'eminaire Bourbaki, Vol. 1999/2000},
   JOURNAL = {Ast\'erisque},
  FJOURNAL = {Ast\'erisque},
    NUMBER = {276},
      YEAR = {2002},
     PAGES = {53--72},
      ISSN = {0303-1179},
   MRCLASS = {14E15 (14L30 32S45)},
  MRNUMBER = {1886756},
MRREVIEWER = {Vasile Br\~A$\circledR$nz\"A?nescu},
}

@article{Miller98,
	Author = {Miller, C.},
	Fjournal = {Journal of Pure and Applied Algebra},
	Journal = {J. Pure Appl. Algebra},
	Number = {3},
	Pages = {257--271},
	Title = {Recovering divisor classes via their {$(T)$}-adic filtrations},
	Volume = {127},
	Year = {1998}}

@incollection{MondPellikaan,
	Address = {Berlin},
	Author = {Mond, D. and Pellikaan, R.},
	Booktitle = {Algebraic geometry and complex analysis ({P}\'atzcuaro, 1987)},
	Pages = {107--161},
	Publisher = {Springer},
	Series = {Lecture Notes in Math.},
	Title = {Fitting ideals and multiple points of analytic mappings},
	Volume = {1414},
	Year = {1989}}
	
@book {JamesLiebeck,
    AUTHOR = {James, Gordon and Liebeck, Martin},
     TITLE = {Representations and characters of groups},
   EDITION = {Second},
 PUBLISHER = {Cambridge University Press, New York},
      YEAR = {2001},
     PAGES = {viii+458},
      ISBN = {0-521-00392-X},
   MRCLASS = {20C15 (20-01)},
  MRNUMBER = {1864147},
       DOI = {10.1017/CBO9780511814532},
       URL = {https://doi.org/10.1017/CBO9780511814532},
}

@article{GrangerMondSchulze11,
	Author = {Granger, M. and Mond, D. and Schulze, M.},
	Fjournal = {Proceedings of the London Mathematical Society. Third Series},
	Journal = {Proc. Lond. Math. Soc. (3)},
	Number = {5},
	Pages = {923--950},
	Title = {Free divisors in prehomogeneous vector spaces},
	Volume = {102},
	Year = {2011}}

@incollection{Terao83,
	Address = {Providence, RI},
	Author = {Terao, H.},
	Booktitle = {Singularities, {P}art 2 ({A}rcata, {C}alif., 1981)},
	Pages = {561--566},
	Publisher = {Amer. Math. Soc.},
	Series = {Proc. Sympos. Pure Math.},
	Title = {The exponents of a free hypersurface},
	Volume = {40},
	Year = {1983}}

@incollection{Teissier77,
	Author = {Teissier, B.},
	Booktitle = {Real and complex singularities ({P}roc. {N}inth {N}ordic {S}ummer {S}chool/{NAVF} {S}ympos. {M}ath., {O}slo, 1976)},
	Pages = {565--678},
	Publisher = {Sijthoff and Noordhoff, Alphen aan den Rijn},
	Title = {The hunting of invariants in the geometry of discriminants},
	Year = {1977}}

@incollection{Piene79,
	Address = {Berlin},
	Author = {Piene, R.},
	Booktitle = {Algebraic geometry ({P}roc. {S}ummer {M}eeting, {U}niv. {C}openhagen, {C}openhagen, 1978)},
	Pages = {503--517},
	Publisher = {Springer},
	Series = {Lecture Notes in Math.},
	Title = {Ideals associated to a desingularization},
	Volume = {732},
	Year = {1979}}

@article{Scheja64,
	Author = {Scheja, G.},
	Fjournal = {Mathematische Annalen},
	Issn = {0025-5831},
	Journal = {Math. Ann.},
	Pages = {75--94},
	Title = {Fortsetzungss\"atze der komplex-analytischen {C}ohomologie und ihre algebraische {C}harakterisierung},
	Volume = {157},
	Year = {1964}}

@book{SiuTrautmann71,
	Address = {Berlin},
	Author = {Siu, Y.~T.~ and Trautmann, G.},
	Pages = {v+172},
	Publisher = {Springer-Verlag},
	Series = {Lecture Notes in Mathematics, Vol. 172},
	Title = {Gap-sheaves and extension of coherent analytic subsheaves},
	Year = {1971}}

@book{AltmanKleiman,
	Address = {Berlin},
	Author = {Altman, A. and Kleiman, S.},
	Pages = {184},
	Publisher = {Springer-Verlag},
	Series = {Lecture Notes in Mathematics, Vol. 146},
	Title = {Introduction to Grothendieck Duality Theory},
	Year = {1970}}

@article{Nobile75,
	Author = {A. Nobile},
	Journal = {Pacific J. Math.},
	Pages = {297--305},
	Title = {{Some properties of the Nash blowing-up}},
	Volume = {60},
	Year = {1975}}

@article{Damon96,
	Author = {Damon, J.},
	Fjournal = {Memoirs of the American Mathematical Society},
	Journal = {Mem. Amer. Math. Soc.},
	Number = {589},
	Pages = {x+113},
	Title = {Higher multiplicities and almost free divisors and complete intersections},
	Volume = {123},
	Year = {1996}}

@article{CU04,
	Author = {F. Castro\phantom{l}Jim{\'e}nez and J. M. Ucha\phantom{l}Enr{\'\i}quez},
	Journal = {Proc. Amer. Math. Soc.},
	Number = {5},
	Pages = {1417--1422},
	Title = {Logarithmic comparison theorem and some Euler homogeneous free divisors},
	Volume = {133},
	Year = {2004}}

@article{Cap11,
	Author = {A. Cap},
	Note = {lecture notes (in german) available at {\tt www.mat.univie.ac.at/$\sim$cap/files/diffgeom.pdf}},
	Title = {Differentialgeometrie 1},
	Year = {2011}}

@incollection{BuchweitzMond,
	Address = {Cambridge},
	Author = {Buchweitz, R.-O. and Mond, D.},
	Booktitle = {Singularities and computer algebra},
	Pages = {41--77},
	Publisher = {Cambridge Univ. Press},
	Series = {London Math. Soc. Lecture Note Ser.},
	Title = {Linear free divisors and quiver representations},
	Volume = {324},
	Year = {2006}}

@article{Tsikh,
	Author = {Tsikh, A.K.},
	Journal = {Math. USSR-Sb.},
	Number = {2},
	Pages = {421--436},
	Title = {Weakly holomorphic functions on complete intersections and their holomorphic continuation},
	Volume = {61},
	Year = {1988}}

@article{Saito81,
	Author = {Saito, K.},
	Fjournal = {Journal of the Faculty of Science. University of Tokyo. Section IA. Mathematics},
	Journal = {J. Fac. Sci. Univ. Tokyo Sect. IA Math.},
	Number = {3},
	Pages = {775--792},
	Title = {Primitive forms for a universal unfolding of a function with an isolated critical point},
	Volume = {28},
	Year = {1981}}


@article{Terao-free-complex,
	Author = {Terao, H.},
	Journal = {Proc. Japan Acad. Ser. A},
	Number = {3},
	Pages = {389--392},
	Title = {Free arrangements of hyperplanes and unitary reflection groups},
	Volume = {56},
	Year = {1980}}
	
@article{AleksandrovTsikh01,
	Author = {Aleksandrov, A. G. and Tsikh, A. K.},
	Fjournal = {Comptes Rendus de l'Acad\'emie des Sciences. S\'erie I. Math\'ematique},
	Journal = {C. R. Acad. Sci. Paris S\'er. I Math.},
	Number = {11},
	Pages = {973--978},
	Title = {Th\'eorie des r\'esidus de {L}eray et formes de {B}arlet sur une intersection compl\`ete singuli\`ere},
	Volume = {333},
	Year = {2001}}

@article{DSSWW11,
	Author = {Denham, G. and Schenck, H. and Schulze, M. and Wakefield, M. and Walther, U.},
	Note = {{\tt arXiv:1103.2459v1}},
	Title = {{Local cohomology of logarithmic forms}},
	Year = {2011}}

@article{GMNS,
	Author = {Granger, M. and Mond, D. and Nieto\phantom{l}Reyes, A. and Schulze M.},
	Journal = {Ann. Inst. Fourier},
	Number = {2},
	Pages = {811--850},
	Title = {Linear free divisors and the global logarithmic comparison theorem},
	Volume = {59},
	Year = {2009}}

@article{MondSchulze10,
	Author = {D. Mond and M. Schulze},
	Note = {{\tt arXiv:1001.1095v2 [math.AG]}},
	Title = {{Adjoint divisors and free divisors}},
	Year = {2010}}

@incollection{Stanley07,
	Address = {Providence, RI},
	Author = {Stanley, R.P.},
	Booktitle = {Geometric combinatorics},
	Pages = {389--496},
	Publisher = {Amer. Math. Soc.},
	Series = {IAS/Park City Math. Ser.},
	Title = {An introduction to hyperplane arrangements},
	Volume = {13},
	Year = {2007}}
	
@article {Stanley-Hilbert,
    AUTHOR = {Stanley, R. P.},
     TITLE = {Hilbert functions of graded algebras},
   JOURNAL = {Advances in Math.},
  FJOURNAL = {Advances in Mathematics},
    VOLUME = {28},
      YEAR = {1978},
    NUMBER = {1},
     PAGES = {57--83},
      ISSN = {0001-8708},
   MRCLASS = {13D10 (13H10)},
  MRNUMBER = {0485835},
MRREVIEWER = {Idun Reiten},
}

@article{StanleyInvariants,
	Author = {Stanley, R. P.},
	Fjournal = {Journal of Algebra},
	Journal = {J. Algebra},
	Number = {1},
	Pages = {134--148},
	Title = {Relative invariants of finite groups generated by pseudoreflections},
	Volume = {49},
	Year = {1977}}

@inproceedings{Saito77,
	Address = {Providence},
	Author = {Saito, K.},
	Booktitle = {Symp. in Pure Math., Williams College, 1975, Several Complex variables},
	Opteditor = {AMS},
	Title = {On the uniformization of complements of discriminant loci},
	Year = {1977}}

@incollection{Simis06,
	Author = {Simis, A.},
	Booktitle = {Commutative algebra},
	Pages = {211--226},
	Series = {Lect. Notes Pure Appl. Math.},
	Title = {Differential idealizers and algebraic free divisors},
	Volume = {244},
	Year = {2006}}

@article{WY08,
	Author = {Wakefield, M. and Yoshinaga, M.},
	Fjournal = {Mathematical Research Letters},
	Journal = {Math. Res. Lett.},
	Number = {4},
	Pages = {795--799},
	Title = {The {J}acobian ideal of a hyperplane arrangement},
	Volume = {15},
	Year = {2008}}

@article{Budur10,
	Author = {Budur, N.},
	Note = {{\tt arXiv:1012.3150v3 [math.AG]}},
	Title = {{Singularity invariants related to Milnor fibers: survey}},
	Year = {2010}}

@article{Schenck11,
	Author = {Schenck, H.},
	Note = {{\tt arXiv:1101.0365v1 [math.CO]}},
	Title = {{Hyperplane arrangements: Computations and Conjectures}},
	Year = {2011}}

@article{Sekiguchi08,
	Author = {Sekiguchi, J.},
	Journal = {J. Sib. Fed. Univ. Math. Phys.},
	Pages = {33--41},
	Title = {{Three Dimensional Saito Free Divisors and Singular Curves}},
	Volume = {1},
	Year = {2008}}

@article{Rossi63,
	Author = {Rossi, H.},
	Fjournal = {Annals of Mathematics. Second Series},
	Journal = {Ann. of Math. (2)},
	Pages = {455--467},
	Title = {Vector fields on analytic spaces},
	Volume = {78},
	Year = {1963}}

@article{Aleksandrov05,
	Author = {Aleksandrov, A. G.},
	Fjournal = {Complex Variables. Theory and Application. An International Journal},
	Journal = {Complex Var. Theory Appl.},
	Number = {7-11},
	Pages = {777--802},
	Title = {Logarithmic differential forms, torsion differentials and residue},
	Volume = {50},
	Year = {2005}}

@article{Harris86,
	Author = {Harris, J.},
	Fjournal = {Inventiones Mathematicae},
	Journal = {Invent. Math.},
	Number = {3},
	Pages = {445--461},
	Title = {On the {S}everi problem},
	Volume = {84},
	Year = {1986}}

@book{Mebkhout89,
	Address = {Paris},
	Author = {Mebkhout, Z.},
	Note = {With supplementary material by the author and L. Narv{\'a}ez Macarro},
	Pages = {x+254},
	Publisher = {Hermann},
	Series = {Travaux en Cours [Works in Progress]},
	Title = {Le formalisme des six op\'erations de {G}rothendieck pour les {$\mathcal{D}\sb X$}-modules coh\'erents},
	Volume = {35},
	Year = {1989}}

@book{Looijenga84,
	Address = {Cambridge},
	Author = {Looijenga, E. J. N.},
	Pages = {xi+200},
	Publisher = {Cambridge University Press},
	Series = {London Mathematical Society Lecture Note Series},
	Title = {Isolated singular points on complete intersections},
	Volume = {77},
	Year = {1984}}

@article{Damon02,
	Author = {Damon, J.},
	Fjournal = {Topology and its Applications},
	Journal = {Topology Appl.},
	Note = {Arrangements in Boston: a Conference on Hyperplane Arrangements (1999)},
	Number = {1-2},
	Pages = {31--43},
	Title = {On the freeness of equisingular deformations of plane curve singularities},
	Volume = {118},
	Year = {2002}}

@article{MondVanStraten01,
	Author = {Mond, D. and van Straten, D.},
	Fjournal = {The Quarterly Journal of Mathematics},
	Journal = {Q. J. Math.},
	Number = {3},
	Pages = {355--365},
	Title = {The structure of the discriminant of some space-curve singularities},
	Volume = {52},
	Year = {2001}}

@article{Calderon99,
	Author = {Calder{\'o}n\phantom{l}Moreno, F. J.},
	Journal = {Ann. Sci. {\'E}cole Norm. Sup. (4)},
	Number = {5},
	Pages = {701--714},
	Title = {{Logarithmic differential operators and logarithmic de Rham complexes relative to a free divisor}},
	Volume = {32},
	Year = {1999}}

@article{GrangerSchulze09,
	Author = {Granger, M. and Schulze, M.},
	Fjournal = {Journal of Lie Theory},
	Journal = {J. Lie Theory},
	Number = {2},
	Pages = {209--221},
	Title = {Initial logarithmic {L}ie algebras of hypersurface singularities},
	Volume = {19},
	Year = {2009}}

@article{GrangerSchulze06,
	Author = {Granger, M. and Schulze, M.},
	Journal = {Compos. Math.},
	Number = {3},
	Pages = {701--714},
	Title = {On the formal structure of logarithmic vector fields},
	Volume = {142},
	Year = {2006}}

@incollection{HostenSmith02,
	Address = {Berlin},
	Author = {Ho{\c{s}}ten, S. and Smith, G. G.},
	Booktitle = {Computations in algebraic geometry with {M}acaulay 2},
	Pages = {73--100},
	Publisher = {Springer},
	Series = {Algorithms Comput. Math.},
	Title = {Monomial ideals},
	Volume = {8},
	Year = {2002}}

@article{FlennerVogel93,
	Author = {Flenner, H. and Vogel, W.},
	Journal = {Manuscripta Math.},
	Number = {1},
	Pages = {85--97},
	Title = {On multiplicities of local rings},
	Volume = {78},
	Year = {1993}}

@article{Flenner81,
	Author = {Flenner, H.},
	Journal = {Arch. Math.},
	Pages = {35--44},
	Title = {{Rationale quasihomogene Singularit\"aten}},
	Volume = {36},
	Year = {1981}}

@article{Serre55,
	Author = {Serre, J.-P.},
	Fjournal = {Annals of Mathematics. Second Series},
	Journal = {Ann. of Math. (2)},
	Pages = {197--278},
	Title = {Faisceaux alg\'ebriques coh\'erents},
	Volume = {61},
	Year = {1955}}

@article{MPS,
	Author = {Mangeney, M. and Peskine, C. and Szpiro, L.},
	Journal = {S\'eminaire Samuel. Alg\'ebre Commutative},
	Pages = {2--69},
	Title = {Anneaux de Gorenstein, et torsion en alg\'ebre commutative},
	Volume = {1},
	Year = {1966}}

@article{CN09,
	Author = {Calder{\'o}n\phantom{l}Moreno, F. J. and Narv{\'a}ez\phantom{l}Macarro, L.},
	Fjournal = {Proceedings of the London Mathematical Society. Third Series},
	Journal = {Proc. Lond. Math. Soc. (3)},
	Number = {3},
	Pages = {585--606},
	Title = {On the logarithmic comparison theorem for integrable logarithmic connections},
	Volume = {98},
	Year = {2009}}
	
	@article {Herzog78,
    AUTHOR = {Herzog, J{\"u}rgen},
     TITLE = {Ringe mit nur endlich vielen {I}somorphieklassen von
              maximalen, unzerlegbaren {C}ohen-{M}acaulay-{M}oduln},
   JOURNAL = {Math. Ann.},
  FJOURNAL = {Mathematische Annalen},
    VOLUME = {233},
      YEAR = {1978},
    NUMBER = {1},
     PAGES = {21--34},
      ISSN = {0025-5831},
   MRCLASS = {13H10 (14M05)},
  MRNUMBER = {0463155},
MRREVIEWER = {Ernst Kunz},
}

@article {GonzalezSprinbergVerdier,
    AUTHOR = {Gonzalez-Sprinberg, G. and Verdier, J.-L.},
     TITLE = {Construction g\'eom\'etrique de la correspondance de
              {M}c{K}ay},
   JOURNAL = {Ann. Sci. \'Ecole Norm. Sup. (4)},
  FJOURNAL = {Annales Scientifiques de l'\'Ecole Normale Sup\'erieure.
              Quatri\`eme S\'erie},
    VOLUME = {16},
      YEAR = {1983},
    NUMBER = {3},
     PAGES = {409--449 (1984)},
      ISSN = {0012-9593},
     CODEN = {ASENAH},
   MRCLASS = {14J17 (14B05 20C30)},
  MRNUMBER = {740077},
MRREVIEWER = {I. Dolgachev},
       URL = {http://www.numdam.org/item?id=ASENS_1983_4_16_3_409_0},
}

@book{BrunsHerzog93,
	Address = {Cambridge},
	Author = {Bruns, W. and Herzog, J.},
	Publisher = {Cambridge University Press},
	Series = {Cambridge Studies in Advanced Mathematics},
	Title = {Cohen-{M}acaulay rings},
	Volume = {39},
	Year = {1993}}
	
@article {Smoke,
    AUTHOR = {Smoke, W.},
     TITLE = {Dimension and multiplicity for graded algebras},
   JOURNAL = {J. Algebra},
  FJOURNAL = {Journal of Algebra},
    VOLUME = {21},
      YEAR = {1972},
     PAGES = {149--173},
}

@book{RD,
	Address = {Berlin},
	Author = {Hartshorne, R.},
	Pages = {vii+423},
	Publisher = {Springer-Verlag},
	Series = {Lecture notes of a seminar on the work of A. Grothendieck, given at Harvard 1963/64. With an appendix by P. Deligne. Lecture Notes in Mathematics, No. 20},
	Title = {Residues and duality},
	Year = {1966}}

@article{Deligne71,
	Author = {P. Deligne},
	Journal = {Inst. Hautes {\'E}tudes Sci. Publ. Math.},
	Pages = {5--57},
	Title = {{Th{\'e}orie de Hodge II}},
	Volume = {40},
	Year = {1971}}

@incollection{Bodnar04,
	Address = {Berlin},
	Author = {Bodn{\'a}r, G.},
	Booktitle = {Automated deduction in geometry},
	Pages = {1--20},
	Publisher = {Springer},
	Series = {Lecture Notes in Comput. Sci.},
	Title = {Algorithmic tests for the normal crossing property},
	Volume = {2930},
	Year = {2004}}

@book{GriffithsHarris,
	Address = {New York},
	Author = {Griffiths, P. and Harris, J.},
	Optnote = {Pure and Applied Mathematics},
	Pages = {xii+813},
	Publisher = {Wiley-Interscience [John Wiley \& Sons]},
	Title = {Principles of algebraic geometry. Pure and Applied Mathematics},
	Year = {1978}}

@article{DGPS,
	Author = {W. Decker, G.-M. Greuel, G. Pfister and H. Sch{\"o}nemann},
	Note = {http://www.singular.uni-kl.de},
	Title = {{\sc Singular} {3-1-3} --- {A} computer algebra system for polynomial computations},
	Year = {2011}}

@book{Voisin02,
	Address = {Cambridge},
	Author = {Voisin, C.},
	Edition = {English},
	Note = {Translated from the French by Leila Schneps},
	Pages = {x+322},
	Publisher = {Cambridge University Press},
	Series = {Cambridge Studies in Advanced Mathematics},
	Title = {Hodge theory and complex algebraic geometry. {I}},
	Volume = {76},
	Year = {2007}}

@incollection{NY04,
	Address = {Dordrecht},
	Author = {Novikov, D. and Yakovenko, S.},
	Booktitle = {Normal forms, bifurcations and finiteness problems in differential equations},
	Pages = {387--430},
	Publisher = {Kluwer Acad. Publ.},
	Series = {NATO Sci. Ser. II Math. Phys. Chem.},
	Title = {Lectures on meromorphic flat connections},
	Volume = {137},
	Year = {2004}}

@article{FaberHauser10,
	Author = {Faber, E. and Hauser, H.},
	Journal = {Bull. Amer. Math. Soc.},
	Number = {3},
	Pages = {373--417},
	Title = {Today's menu: geometry and resolution of singular algebraic surfaces},
	Volume = {47},
	Year = {2010}}

@article{MirandaNeto09,
	Author = {Miranda Neto, C.},
	Note = {{\tt arXiv:0908.0911v3 [math.AC]}},
	Title = {Theory of tangential idealizers and tangentially free ideals},
	Year = {2009}}

@book{GreuelPfister08,
	Address = {Berlin},
	Author = {Greuel, G.-M. and Pfister, G.},
	Note = {Second, extended edition. With contributions by Olaf Bachmann, Christoph Lossen and Hans Sch{\"o}nemann. With 1 CD-ROM (Windows, Macintosh and UNIX)},
	Publisher = {Springer-Verlag},
	Title = {A Singular introduction to commutative algebra},
	Year = {2008}}
	
	@book {GreuelLossenShustin,
    AUTHOR = {Greuel, G.-M. and Lossen, C. and Shustin, E.},
     TITLE = {Introduction to singularities and deformations},
    SERIES = {Springer Monographs in Mathematics},
 PUBLISHER = {Springer, Berlin},
      YEAR = {2007},
     PAGES = {xii+471},
      ISBN = {978-3-540-28380-5; 3-540-28380-3},
   MRCLASS = {32Sxx (14B05)},
  MRNUMBER = {2290112},
MRREVIEWER = {Vasile Br{\^{\i}}nz{\u{a}}nescu},
}

@article{BuchweitzGreuel80,
	Author = {Buchweitz, R.-O. and Greuel, G.-M.},
	Journal = {Invent. Math.},
	Number = {3},
	Pages = {241--281},
	Title = {The {M}ilnor number and deformations of complex curve singularities},
	Volume = {58},
	Year = {1980}}

@article{BuchweitzGreuelSchreyer,
	Author = {Buchweitz, R.-O. and Greuel, G.-M. and Schreyer, F.-O.},
	Coden = {INVMBH},
	Doi = {10.1007/BF01405096},
	Fjournal = {Inventiones Mathematicae},
	Issn = {0020-9910},
	Journal = {Invent. Math.},
	Mrclass = {14B05 (13C15)},
	Mrnumber = {877011 (88d:14005)},
	Mrreviewer = {Tom{\'a}s S{\'a}nchez-Giralda},
	Number = {1},
	Pages = {165--182},
	Title = {Cohen-{M}acaulay modules on hypersurface singularities. {II}},
	Url = {http://dx.doi.org/10.1007/BF01405096},
	Volume = {88},
	Year = {1987},
	Bdsk-Url-1 = {http://dx.doi.org/10.1007/BF01405096}}



@article{KnoerrerCurves,
	Author = {Kn{\"o}rrer, H.},
	Note = {Max-Planck Institut f{\"u}r Mathematik und Sonderforschungsbereich theoretische Physik MPI/SFB 84-51},
	Title = {The {C}ohen--{M}acaulay modules over simple hypersurface singularities},
	Year = {1984}}

@article{NakajimaHyperII,
	Author = {Nakajima, H.},
	Coden = {ADMTA4},
	Doi = {10.1016/0001-8708(87)90018-1},
	Fjournal = {Advances in Mathematics},
	Issn = {0001-8708},
	Journal = {Adv. in Math.},
	Mrclass = {14L30 (15A72)},
	Mrnumber = {893470 (89h:14035)},
	Mrreviewer = {V. L. Popov},
	Number = {1},
	Pages = {39--64},
	Title = {Rings of invariants of finite groups which are hypersurfaces. {II}},
	Url = {http://dx.doi.org/10.1016/0001-8708(87)90018-1},
	Volume = {65},
	Year = {1987},
	Bdsk-Url-1 = {http://dx.doi.org/10.1016/0001-8708(87)90018-1}}

@article{NakajimaHyperI,
	Author = {Nakajima, H.},
	Coden = {JALGA4},
	Doi = {10.1016/0021-8693(83)90001-7},
	Fjournal = {Journal of Algebra},
	Issn = {0021-8693},
	Journal = {J. Algebra},
	Mrclass = {20H15 (13D05 14L30 20G05)},
	Mrnumber = {691804 (85e:20036)},
	Mrreviewer = {V. L. Popov},
	Number = {2},
	Pages = {279--294},
	Title = {Rings of invariants of finite groups which are hypersurfaces},
	Url = {http://dx.doi.org/10.1016/0021-8693(83)90001-7},
	Volume = {80},
	Year = {1983},
	Bdsk-Url-1 = {http://dx.doi.org/10.1016/0021-8693(83)90001-7}}

@book{Fulton95,
	Address = {New York},
	Author = {Fulton, W.},
	Publisher = {Springer-Verlag},
	Series = {Graduate Texts in Mathematics},
	Title = {Algebraic topology. A first course},
	Volume = {153},
	Year = {1995}}
	
	@book {FultonHarris,
    AUTHOR = {Fulton, William and Harris, Joe},
     TITLE = {Representation theory},
    SERIES = {Graduate Texts in Mathematics},
    VOLUME = {129},
      NOTE = {A first course,
              Readings in Mathematics},
 PUBLISHER = {Springer-Verlag, New York},
      YEAR = {1991},
     PAGES = {xvi+551},
      ISBN = {0-387-97527-6; 0-387-97495-4},
   MRCLASS = {20G05 (17B10 20G20 22E46)},
  MRNUMBER = {1153249},
MRREVIEWER = {James E. Humphreys},
       DOI = {10.1007/978-1-4612-0979-9},
       URL = {http://dx.doi.org/10.1007/978-1-4612-0979-9},
}

@article{Schaps77,
	Author = {Schaps, M.},
	Journal = {Amer. J. Math.},
	Number = {4},
	Pages = {669--685},
	Title = {Deformations of {C}ohen-{M}acaulay schemes of codimension {$2$} and non-singular deformations of space curves},
	Volume = {99},
	Year = {1977}}

@article{Zariski29,
	Author = {Zariski, O.},
	Journal = {Amer. J. Math.},
	Number = {2},
	Pages = {305--328},
	Title = {On the {P}roblem of {E}xistence of {A}lgebraic {F}unctions of {T}wo {V}ariables {P}ossessing a {G}iven {B}ranch {C}urve},
	Volume = {51},
	Year = {1929}}

@article{Zariski65,
	Author = {Zariski, O.},
	Journal = {Amer. J. Math.},
	Pages = {972--1006},
	Title = {Studies in equisingularity. {II}. {E}quisingularity in codimension {$1$}\ (and characteristic zero)},
	Volume = {87},
	Year = {1965}}

@article{FultonHansen79,
	Author = {Fulton, W. and Hansen, J.},
	Journal = {Ann. of Math. (2)},
	Number = {1},
	Pages = {159--166},
	Title = {A connectedness theorem for projective varieties, with applications to intersections and singularities of mappings},
	Volume = {110},
	Year = {1979}}

@article{Abhyankar59,
	Author = {Abhyankar, S.},
	Journal = {Amer. J. Math.},
	Pages = {46--94},
	Title = {Tame coverings and fundamental groups of algebraic varieties. {I}},
	Volume = {81},
	Year = {1959}}

@article{Abhyankar60,
	Author = {Abhyankar, S.},
	Journal = {Amer. J. Math.},
	Pages = {120--178},
	Title = {Tame coverings and fundamental groups of algebraic varieties. {II}},
	Volume = {82},
	Year = {1960}}
	
	@book {BourbakiAC,
    AUTHOR = {Bourbaki, N.},
     TITLE = {\'{E}l\'ements de math\'ematique. {F}asc. {XXX}. {A}lg\`ebre
              commutative. {C}hapitre 5: {E}ntiers. {C}hapitre 6:
              {V}aluations},
    SERIES = {Actualit\'es Scientifiques et Industrielles, No. 1308},
 PUBLISHER = {Hermann, Paris},
      YEAR = {1964},
     PAGES = {207},
   MRCLASS = {13.00 (16.00)},
  MRNUMBER = {0194450},
MRREVIEWER = {M. Nagata},
}

@book {BourbakiALG,
    AUTHOR = {Bourbaki, N.},
     TITLE = {Algebra. {II}. {C}hapters 4--7},
    SERIES = {Elements of Mathematics (Berlin)},
      NOTE = {Translated from the French by P. M. Cohn and J. Howie},
 PUBLISHER = {Springer-Verlag, Berlin},
      YEAR = {1990},
     PAGES = {vii+461},
      ISBN = {3-540-19375-8},
   MRCLASS = {00A05 (12-01 13-01)},
  MRNUMBER = {1080964},
}

	@book {BourbakiLIE4-6,
    AUTHOR = {Bourbaki, Nicolas},
     TITLE = {\'El\'ements de math\'ematique},
      NOTE = {Groupes et alg\`ebres de Lie. Chapitres 4, 5 et 6. [Lie groups
              and Lie algebras. Chapters 4, 5 and 6]},
 PUBLISHER = {Masson, Paris},
      YEAR = {1981},
     PAGES = {290},
}

@article {SaitoReflexion,
    AUTHOR = {Saito, K.},
     TITLE = {On a linear structure of the quotient variety by a finite
              reflexion group},
   JOURNAL = {Publ. Res. Inst. Math. Sci.},
  FJOURNAL = {Kyoto University. Research Institute for Mathematical
              Sciences. Publications},
    VOLUME = {29},
      YEAR = {1993},
    NUMBER = {4},
     PAGES = {535--579},
      ISSN = {0034-5318},
   MRCLASS = {32S30 (13A50 14D25 14L30 17B20 32S55)},
  MRNUMBER = {1245441},
MRREVIEWER = {Aleksandr G. Aleksandrov},
       DOI = {10.2977/prims/1195166742},
       URL = {http://dx.doi.org/10.2977/prims/1195166742},
}

@incollection{Deligne80,
	Address = {Berlin},
	Author = {Deligne, P.},
	Booktitle = {Bourbaki {S}eminar, {V}ol. 1979/80},
	Pages = {1--10},
	Publisher = {Springer},
	Series = {Lecture Notes in Math.},
	Title = {Le groupe fondamental du compl\'ement d'une courbe plane n'ayant que des points doubles ordinaires est ab\'elien (d'apr\`es {W}. {F}ulton)},
	Volume = {842},
	Year = {1981}}

@article{SaitoLe84,
	Author = {L{\^e} D. T. and Saito, K.},
	Journal = {Ark. Mat.},
	Number = {1},
	Pages = {1--24},
	Title = {The local {$\pi \sb{1}$} of the complement of a hypersurface with normal crossings in codimension {$1$} is abelian},
	Volume = {22},
	Year = {1984}}

@article{Fulton80,
	Author = {Fulton, W.},
	Journal = {Ann. of Math.},
	Number = {2},
	Pages = {407--409},
	Title = {On the fundamental group of the complement of a node curve},
	Volume = {111},
	Year = {1980}}

@article{FM,
	Author = {W. Fulton and R. MacPherson},
	Journal = {Ann. Math.},
	Pages = {183--225},
	Title = {A compactification of configuration spaces},
	Volume = {139},
	Year = {1994}}

@book{GrauertRemmert71,
	Address = {Berlin},
	Author = {Grauert, H. and Remmert, R.},
	Optnote = {Unter Mitarbeit von O. Riemenschneider},
	Pages = {ix+240},
	Publisher = {Springer-Verlag},
	Series = {Die Grundlehren der mathematischen Wissenschaften},
	Title = {Analytische {S}tellenalgebren},
	Volume = {176},
	Year = {1971}}



@book{Narasimhan,
	Address = {Berlin},
	Author = {R. Narasimhan},
	Publisher = {Springer},
	Series = {Lecture Notes in Mathematics},
	Title = {Introduction to the Theory of Analytic Spaces},
	Volume = {25},
	Year = {1966}}

@book{Narasimhan68,
	Author = {Narasimhan, R.},
	Pages = {x+246},
	Publisher = {Masson \& Cie, \'Editeurs, Paris},
	Series = {Advanced Studies in Pure Mathematics, Vol. 1},
	Title = {Analysis on real and complex manifolds},
	Year = {1968}}

@article{Baldassarri05,
	Author = {F. Baldassarri},
	Journal = {Milan j. math.},
	Pages = {237--258},
	Publisher = {Birkh{\"a}user},
	Title = {{Towards an Algebraic Proof of Deligne's Regularity Criterion. An Informal survey of Open Problems}},
	Volume = {73},
	Year = {2005}}

@article{Hironaka57,
	Author = {H. Hironaka},
	Journal = {Mem. Coll. Sci.},
	Pages = {177--195},
	Publisher = {Univ. of Kyoto},
	Title = {On the Arithmetic Genera and the Effective Genera of Algebraic Curves},
	Volume = {30},
	Year = {1957}}

@book{Matsumura86,
	Address = {Cambridge},
	Author = {H. Matsumura},
	Publisher = {Cambridge University Press},
	Series = {Cambridge Studies in Advanced Mathematics},
	Title = {Commutative ring theory},
	Volume = {8},
	Year = {1986}}

@book{Milnor68,
	Address = {Princeton},
	Author = {J. Milnor},
	Publisher = {Princeton University Press},
	Series = {Ann. of Math. Studies},
	Title = {Singular Points of Complex Hypersurfaces},
	Year = {1968}}

@inproceedings{Pham79,
	Author = {F. Pham},
	Booktitle = {Singularit{\'e}s des syst{\`e}mes diff{\'e}rentiels de Gauss-Manin, Progress in Math.},
	Note = {With contributions by Lo Kam Chan, Philippe Maisonobe and Jean- {\'E}tienne Rombaldi},
	Publisher = {{Birkh{\"a}user}},
	Title = {Point de vue algebrique sur les systemes differentiels lineaires},
	Volume = {2},
	Year = {1979}}

@article{Bass63,
	Author = {H. Bass},
	Journal = {Math. Z.},
	Pages = {8--28},
	Title = {{On the ubiquity of Gorenstein rings}},
	Volume = {82},
	Year = {1963}}

@article{Teissier73,
	Author = {B. Teissier},
	Journal = {asterisque},
	Pages = {285--362},
	Title = {{Cycles {\'e}vanescents, sections planes, et conditions de Whitney}},
	Volume = {7--8},
	Year = {1973}}

@book{Kaplansky70,
	Address = {Boston, Mass.},
	Author = {I. Kaplansky},
	Publisher = {Allyn and Bacon, Inc.},
	Title = {Commutative rings},
	Year = {1970}}

@book{Deligne70,
	Address = {Berlin},
	Author = {P. Deligne},
	Publisher = {Springer},
	Series = {Lecture Notes in Mathematics},
	Title = {Equations differentielles {\`a} points singulier r{\'e}guliers},
	Volume = {163},
	Year = {1970}}

@book{HerzogKunz,
	Mrclass = {13H10},
	Mrnumber = {0412177 (54 \#304)},
	Note = {Seminar {\"u}ber die lokale Kohomologietheorie von Grothendieck, Universit{\"a}t Regensburg, Wintersemester 1970/1971, Herausgegeben von J{\"u}rgen Herzog und Ernst Kunz},
	Pages = {vi+103},
	Publisher = {Springer-Verlag, Berlin-New York},
	Series = {Lecture Notes in Mathematics, Vol. 238},
	Title = {Der kanonische {M}odul eines {C}ohen-{M}acaulay-{R}ings},
	Year = {1971}}

@inproceedings{Herzog79,
	Address = {Berlin},
	Author = {J. Herzog},
	Booktitle = {Seminar. P. Dubreil, 1977--1978},
	Editor = {M. P. Malliavin},
	Pages = {230--236},
	Publisher = {Springer},
	Series = {Lecture Notes in Mathematics},
	Title = {{Deformation of Gorenstein singularities}},
	Volume = {740},
	Year = {1979}}

@book{Huneke06,
	Address = {Cambridge},
	Author = {C. Huneke and I. Swanson},
	Publisher = {Cambridge University Press},
	Series = {London Mathematical Society Lecture Note Series},
	Title = {Integral closure of ideals, rings, and modules},
	Volume = {336},
	Year = {2006}}

@article{Pellikaan88,
	Author = {R. Pellikaan},
	Journal = {Proc. London Math. Soc.},
	Pages = {357--382},
	Title = {{Finite determinacy of funtions with non-isolated singularities}},
	Volume = {57},
	Year = {1988}}

@article{BS74,
	Author = {J. Brian\c{c}on and H. Skoda},
	Journal = {C.R. Acad. Sci. Paris S{\'e}r. A},
	Pages = {949--951},
	Title = {{Sur la cl\^{o}ture int{\'e}grale d'un id{\'e}al de germes de fonctions holomorphes en un point de $\C^n$}},
	Volume = {278},
	Year = {1974}}

@article{LT81,
	Author = {J. Lipman and B. Teissier},
	Journal = {Michigan Math. J.},
	Number = {1},
	Pages = {97--116},
	Title = {{Pseudo-rational local rings and a theorem of Brian\c{c}on Skoda about the integral closure of ideals}},
	Volume = {28},
	Year = {1981}}

@article{L-JT08,
	Author = {Lejeune-Jalabert, M. and Teissier, B.},
	Fjournal = {Annales de la Facult\'e des Sciences de Toulouse. Math\'ematiques. S\'erie 6},
	Journal = {Ann. Fac. Sci. Toulouse Math. (6)},
	Number = {4},
	Pages = {781--859},
	Title = {Cl\^oture int\'egrale des id\'eaux et \'equisingularit\'e. With an appendix by {J}ean-{J}acques {R}isler},
	Volume = {17},
	Year = {2008}}

@book{Serre00,
	Address = {Berlin},
	Author = {J.-P. Serre},
	Note = {Translated from the French by CheeWhye Chin and revised by the author},
	Publisher = {Springer-Verlag},
	Series = {Springer Monographs in Mathematics},
	Title = {Local algebra},
	Year = {2000}}

@book{Northcott68,
	Author = {D.G. Northcott},
	Publisher = {Cambridge Univ. Press},
	Title = {Lessons on rings, modules and multiplicities},
	Year = {1968}}

@inproceedings{Ziegler90,
	Address = {Providence, RI},
	Author = {G. Ziegler},
	Booktitle = {Singularities (Iowa City, IA, 1986)},
	Pages = {345--359},
	Publisher = {Amer. Math. Soc.},
	Series = {Contemp. Math.},
	Title = {Multiarrangements of hyperplanes and their freeness},
	Volume = {90},
	Year = {1990}}

@article{derham54,
	Author = {G. de-Rham},
	Journal = {Comment. Math. Helv.},
	Pages = {346--352},
	Title = {Sur la division de formes et de courants par une forme lin{\'e}aire},
	Volume = {28},
	Year = {1954}}

@article{Saito80,
	Author = {K. Saito},
	Journal = {J. Fac. Sci. Univ. Tokyo},
	Number = {2},
	Pages = {265--291},
	Title = {Theory of logarithmic differential forms and logarithmic vector fields},
	Volume = {27},
	Year = {1980}}

@article{Saito76,
	Author = {K. Saito},
	Journal = {Ann. Inst. Fourier},
	Number = {2},
	Pages = {165--170},
	Title = {{On a generalization of de-Rham lemma}},
	Volume = {26},
	Year = {1976}}

@article{Saito71,
	Author = {K. Saito},
	Journal = {Invent. Math.},
	Pages = {123--142},
	Title = {{Quasihomogene isolierte Singularit{\"a}ten von Hyperfl{\"a}chen}},
	Volume = {14},
	Year = {1971}}

@article{Aleksandrov86,
	Author = {A. G. Aleksandrov},
	Journal = {Ann. Global Anal. Geom.},
	Number = {2},
	Pages = {225--242},
	Title = {Euler-homogeneous singularities and logarithmic differential forms},
	Volume = {4},
	Year = {1986}}

@article{Aleksandrov90,
	Author = {A. G. Aleksandrov},
	Journal = {Math. USSR Sbornik},
	Number = {2},
	Pages = {561--574},
	Title = {{Nonisolated Saito singularities}},
	Volume = {65},
	Year = {1990}}
	


@book{Eisenbud96,
	Address = {New York},
	Author = {Eisenbud, D.},
	Pages = {xvi+785},
	Publisher = {Springer-Verlag},
	Series = {Graduate Texts in Mathematics},
	Title = {Commutative algebra with a view toward algebraic geometry},
	Volume = {150},
	Year = {1995}}

@article{HochsterEagon71,
	Author = {M. Hochster and J.A. Eagon},
	Journal = {Amer. J. Math.},
	Number = {93},
	Pages = {1020--1058},
	Title = {{Cohen--Macaulay rings, invariant theory and generic perfection of determinantal loci}},
	Volume = {4},
	Year = {1971}}

@article{Malgrange76,
	Author = {B. Malgrange},
	Journal = {IHES Publ. Math.},
	Number = {46},
	Pages = {163--173},
	Title = {Frobenius ave singularit{\'e}s I. Codimension un},
	Year = {1976}}

@article{BuchsbaumRim64,
	Author = {D.A. Buchsbaum and D.S. Rim},
	Journal = {Trans. AMS},
	Number = {111},
	Pages = {197--224},
	Title = {{A generalized Koszul complex II. Depth and multiplicity}},
	Volume = {2},
	Year = {1964}}

@article{Terao80,
	Author = {H. Terao},
	Journal = {J. Fac. Sci. Univ. Tokyo Sect. IA Math.},
	Pages = {293--312},
	Title = {{Arrangements of hyperplanes and their freeness I}},
	Volume = {27},
	Year = {1980}}

@book{OTe,
	Address = {Berlin},
	Author = {P. Orlik and H. Terao},
	Publisher = {Springer-Verlag},
	Series = {Grundlehren der Mathematischen Wissenschaften},
	Title = {Arrangements of hyperplanes},
	Volume = {300},
	Year = {1992}}

@book{Ar,
	Address = {Cambridge--New York},
	Author = {V. I. Arnol'd},
	Publisher = {Cambridge University Press},
	Series = {Mathematical Society Lecture Note Series},
	Title = {Singularity theory. Selected papers},
	Volume = {53},
	Year = {1981}}

@mastersthesis{Fa,
	Author = {E. Faber},
	School = {Universit\"at Innsbruck},
	Title = {Torische Variet\"aten, Explosionen und das Newtonpolyeder},
	Type = {Master's Thesis},
	Year = {2007}}

@mastersthesis{Quarles,
	Author = {C. Quarles},
	School = {University of Washington},
	Title = {{Krull--Schmidt rings and noncommutative resolutions of singularities}},
	Type = {Master's Thesis},
	Year = {2005}}

@mastersthesis{Faber11,
	Author = {E. Faber},
	School = {Universit\"at Wien},
	Title = {Normal crossings in local analytic geometry},
	Type = {PhD Thesis},
	Year = {2011}}

@mastersthesis{Hovinen,
	Author = {B. Hovinen},
	School = {University of Toronto},
	Title = {Matrix factorizations of the classical determinant},
	Type = {PhD Thesis},
	Year = {2009}}

@article{Buchweitz06,
	Author = {R.-O. Buchweitz and W. Ebeling and H.C. Graf von Bothmer},
	Journal = {J. Algebraic Geom.},
	Number = {2},
	Pages = {371--406},
	Title = {Low-dimensional singularities with free divisors as discriminants},
	Volume = {18},
	Year = {2009}}

@article{CN02,
	Author = {F. J. Calder{\'o}n\phantom{l}Moreno and L. Narv{\'a}ez\phantom{l}Macarro},
	Journal = {Comp. Math.},
	Pages = {59--64},
	Title = {{The Module $\mathcal{D}f^s$ for Locally Quasi-homogeneous Free Divisors}},
	Volume = {134},
	Year = {2002}}

@article{CNM96,
	Author = {F. Castro\phantom{l}Jim{\'e}nez and L. Narv{\'a}ez\phantom{l}Macarro and D. Mond},
	Journal = {Trans. Amer. Math. Soc.},
	Number = {8},
	Pages = {3037--3049},
	Title = {Cohomology of the complement of a free divisor},
	Volume = {348},
	Year = {1996}}

@article{CMNC02,
	Author = {F. Calder{\'o}n\phantom{l}Moreno and D. Mond and L. Narv{\'a}ez\phantom{l}Macarro and F. Castro\phantom{l}Jim{\'e}nez},
	Journal = {Comment. Math. Helv.},
	Number = {1},
	Pages = {24--38},
	Title = {Logarithmic cohomology of the complement of a plane curve},
	Volume = {77},
	Year = {2002}}

@inproceedings{Narvaez08,
	Address = {Providence, RI},
	Author = {L. Narv{\'a}ez\phantom{l}Macarro},
	Booktitle = {Singularities 1},
	Pages = {245--269},
	Publisher = {Amer. Math. Soc.},
	Series = {Contemp. Math.},
	Title = {{Linearity conditions on the Jacobian ideal and logarithmic-meromorphic comparison for free divisors}},
	Volume = {474},
	Year = {2008}}

@article{BM,
	Author = {E. Bierstone and P. Milman},
	Journal = {J. Algebraic Geom.},
	Pages = {443--486},
	Title = {Desingularization of toric and binomial Varieties},
	Volume = {15},
	Year = {2006}}

@article{BEV,
	Author = {A. M. Bravo and S. Encinas and O. Villamayor},
	Journal = {Rev. Mat. Iberoamericana},
	Number = {2},
	Pages = {349--458},
	Title = {A simplified proof of desingularization and applications},
	Volume = {21},
	Year = {2005}}

@book{dJP,
	Address = {Braunschweig -- Wiesbaden},
	Author = {T. de Jong and G. Pfister},
	Publisher = {Vieweg},
	Series = {Advanced Lectures in Mathematics},
	Title = {Local analytic geometry},
	Year = {2000}}

@article{deJongvanStraten,
	Author = {de Jong, T. and van Straten, D.},
	Fjournal = {Mathematische Annalen},
	Journal = {Math. Ann.},
	Number = {3},
	Pages = {527--547},
	Title = {Deformations of the normalization of hypersurfaces},
	Volume = {288},
	Year = {1990}}
	
	@article {GreuelKnoerrer,
    AUTHOR = {Greuel, G.-M. and Kn{\"o}rrer, H.},
     TITLE = {{E}infache {K}urvensingularit{\"a}ten und torsionsfreie {M}oduln},
   JOURNAL = {Math. Ann.},
    VOLUME = {270},
      YEAR = {1985},
     PAGES = {417--425},
}

@article{Vasconcelos,
	Author = {Vasconcelos, W. V.},
	Fjournal = {Proceedings of the American Mathematical Society},
	Journal = {Proc. Amer. Math. Soc.},
	Pages = {1349--1355},
	Title = {Reflexive modules over {G}orenstein rings},
	Volume = {19},
	Year = {1968}}

@article{Du,
	Author = {A.-H. Durfee},
	Journal = {L'Enseignement Math{\'e}matique},
	Pages = {131--163},
	Title = {Fifteen characterizations of rational double points},
	Volume = {25},
	Year = {1979}}

@book{EH,
	Address = {New York},
	Author = {D. Eisenbud and J. Harris},
	Publisher = {Springer},
	Series = {Graduate Texts in Mathematics},
	Title = {The Geometry of Schemes},
	Volume = {197},
	Year = {2000}}

@book{CGO,
	Address = {Berlin},
	Author = {V. Cossart and J. Giraud and U. Orbanz},
	Publisher = {Springer},
	Series = {Lecture Notes in Mathematics},
	Title = {Resolution of Surface Singularities},
	Volume = {1101},
	Year = {1980}}

@book{CLO,
	Address = {New York},
	Author = {D. Cox and J. Little and D. O'Shea},
	Edition = {3},
	Publisher = {Springer},
	Title = {Ideals, Varieties, and Algorithms},
	Year = {2007}}

@article{DP,
	Author = {C. De-Concini and C. Procesi},
	Journal = {Selecta Mathematica},
	Number = {3},
	Pages = {459--494},
	Title = {Wonderful models of subspace arrangements},
	Volume = {1},
	Year = {1995}}
	
	@article {GarsiaProcesi,
    AUTHOR = {Garsia, A. M. and Procesi, C.},
     TITLE = {On certain graded {$S_n$}-modules and the {$q$}-{K}ostka
              polynomials},
   JOURNAL = {Adv. Math.},
  FJOURNAL = {Advances in Mathematics},
    VOLUME = {94},
      YEAR = {1992},
    NUMBER = {1},
     PAGES = {82--138},
      ISSN = {0001-8708},
   MRCLASS = {20C30 (05E10 05E35)},
  MRNUMBER = {1168926},
MRREVIEWER = {Leonid Krop},
       DOI = {10.1016/0001-8708(92)90034-I},
       URL = {http://dx.doi.org/10.1016/0001-8708(92)90034-I},
}

@article{Ep1,
	Author = {R. Ephraim},
	Journal = {Trans. Am. Math. Soc},
	Pages = {357--371},
	Title = {Isosingular loci and the Cartesian product structure of complex analytic singularities},
	Volume = {241},
	Year = {1978}}

@article{HM93,
	Author = {H. Hauser and G. M{\"u}ller},
	Journal = {Manuscripta Math.},
	Pages = {309--337},
	Title = {{Affine varieties and Lie algebras of vector fields}},
	Volume = {80},
	Year = {1993}}

@article{GH,
	Author = {T. Gaffney and H. Hauser},
	Journal = {Invent. Math.},
	Number = {3},
	Pages = {427--447},
	Title = {Characterizing singularities of varieties and of mappings},
	Volume = {81},
	Year = {1985}}

@inproceedings{Ha2,
	Author = {H. Hauser},
	Booktitle = {Resolution of Singularities, Progress in Math.},
	Publisher = {Birkh{\"a}user},
	Title = {Excellent surfaces and their taut resolution},
	Volume = {181},
	Year = {2000}}

@inproceedings{Ha3,
	Author = {H. Hauser},
	Booktitle = {Proceedings of $12^{th}$ G{\"o}kova Geometry-Topology Conference 2005},
	Editor = {S. Akbulut},
	Pages = {1--48},
	Publisher = {International Press},
	Title = {Seven Short Stories on Blowups},
	Year = {2006}}

@article{Ha4,
	Author = {H. Hauser},
	Journal = {Bull. Amer. Math. Soc.},
	Pages = {323--403},
	Title = {The Hironaka Theorem on resolution of singularities},
	Volume = {40},
	Year = {2003}}

@article{Hi,
	Author = {H. Hironaka},
	Journal = {Ann. Math.},
	Pages = {109--326},
	Title = {Resolution of singularities of an algebraic variety over a field of characteristic zero},
	Volume = {79},
	Year = {1964}}

@book{Hs,
	Address = {New York},
	Author = {R. Hartshorne},
	Publisher = {Springer},
	Series = {Graduate Texts in Mathematics},
	Title = {Algebraic Geometry},
	Volume = {52},
	Year = {1977}}

@article{Hz,
	Author = {F. Hirzebruch},
	Journal = {Math. Ann.},
	Pages = {1--22},
	Title = {{\"U}ber vierdimensionale Riemannsche Fl{\"a}chen mehrdeutiger analytischer Funktionen von zwei komplexen Ver{\"a}nderlichen},
	Volume = {126},
	Year = {1953}}

@article{Ju,
	Author = {H. Jung},
	Journal = {J. Reine Angew. Math.},
	Pages = {289--314},
	Title = {Darstellung der Funktionen eines algebraischen K{\"o}rpers zweier unabh{\"a}ngiger Ver{\"a}nderlicher $x,y$ in der Umgebung einer Stelle $x=a, y=b$},
	Volume = {133},
	Year = {1908}}

@article{Ki,
	Author = {D. Kirby},
	Journal = {Proc. London Math. Soc.},
	Pages = {1-18},
	Title = {The structure of an isolated multiple point of a surface II},
	Volume = {7},
	Year = {1957}}

@book{La,
	Author = {H. Laufer},
	Publisher = {Princeton Univ. Press},
	Series = {Annals of Math. Studies},
	Title = {Normal Two-dimensional Singularities},
	Volume = {71},
	Year = {1971}}

@book{Lam,
	Author = {K. Lamotke},
	Note = {Braunschweig -- Wiesbaden},
	Publisher = {Vieweg},
	Series = {Advanced Lectures in Mathematics},
	Title = {Regular solids and isolated singularities},
	Year = {1986}}

@article{LiLi,
	Author = {Li, Li},
	Fjournal = {Michigan Mathematical Journal},
	Journal = {Michigan Math. J.},
	Number = {2},
	Pages = {535--563},
	Title = {Wonderful compactification of an arrangement of subvarieties},
	Volume = {58},
	Year = {2009}}

@inproceedings{Li,
	Address = {Arcata},
	Author = {J. Lipman},
	Booktitle = {Proc. Sym. Pure Math.},
	Pages = {187--230},
	Title = {Introduction to resolution of singularities},
	Volume = {29},
	Year = {1974}}

@article{Li1,
	Author = {J. Lipman},
	Journal = {Publ. Math.},
	Pages = {195--279},
	Publisher = {Inst. Hautes Etudes Sci.},
	Title = {Rational singularities, with applications to algebraic surfaces and unique factorization},
	Volume = {36},
	Year = {1969}}

@article{MY,
	Author = {J. N. Mather and S. S.-T. Yau},
	Journal = {Invent. Math.},
	Pages = {243--251},
	Title = {{Classification of Isolated Hypersurface Singularities by their Moduli Algebras}},
	Volume = {69},
	Year = {1982}}

@inproceedings{Ne,
	Author = {A. N{\'e}methi},
	Booktitle = {Low Dimensional Topology},
	Editor = {K. B{\"o}r{\"o}czky and W. Neumann and A. Stipsic},
	Pages = {269--351},
	Publisher = {J{\'a}nos Bolyai Mathematical Society},
	Series = {Bolyai Society Math. Studies},
	Title = {Five lectures on normal surface Singularities},
	Volume = {8},
	Year = {1999}}

@article{No,
	Author = {A. Nobile},
	Journal = {Pacific J. Math.},
	Pages = {297--305},
	Title = {Some properties of the Nash blowing-up},
	Volume = {60},
	Year = {1975}}

@inproceedings{Te1,
	Author = {B. Teissier},
	Booktitle = {Proc. Sym. Pure Math.},
	Note = {Arcata},
	Pages = {593--632},
	Title = {Introduction to equisingularity problems},
	Volume = {29},
	Year = {1974}}

@inproceedings{Tr1,
	Author = {D. Trotman},
	Booktitle = {Proceedings Winter School on Resolution of Singularities Marseille},
	Editor = {Pichon, A.},
	Pages = {139--155},
	Title = {Lectures on Real Stratification Theory},
	Year = {2005}}

@article{Vi,
	Author = {O. Villamayor},
	Journal = {Ann. Sci. {\`E}cole Norm. Sup.(4)},
	Number = {6},
	Pages = {629--677},
	Title = {Patching local uniformizations},
	Volume = {25},
	Year = {1992}}

@article{WatanabeGorenstein,
	Author = {Watanabe, Keiichi},
	Fjournal = {Osaka Journal of Mathematics},
	Issn = {0030-6126},
	Journal = {Osaka J. Math.},
	Mrclass = {13H10},
	Mrnumber = {0354646 (50 \#7124)},
	Mrreviewer = {Melvin Hochster},
	Pages = {1--8; ibid. 11 (1974), 379--388},
	Title = {Certain invariant subrings are {G}orenstein. {I}, {II}},
	Volume = {11},
	Year = {1974}}
	
	
	@article {Watanabe,
    AUTHOR = {Watanabe, J.},
     TITLE = {Some remarks on {C}ohen-{M}acaulay rings with many zero
              divisors and an application},
   JOURNAL = {J. Algebra},
  FJOURNAL = {Journal of Algebra},
    VOLUME = {39},
      YEAR = {1976},
    NUMBER = {1},
     PAGES = {1--14},
      ISSN = {0021-8693},
   MRCLASS = {14M15 (13H10)},
  MRNUMBER = {0399117},
MRREVIEWER = {Jean-Luc Chabert},
}
	
	@article {HochsterRoberts,
    AUTHOR = {Hochster, Melvin and Roberts, Joel L.},
     TITLE = {Rings of invariants of reductive groups acting on regular
              rings are {C}ohen-{M}acaulay},
   JOURNAL = {Advances in Math.},
  FJOURNAL = {Advances in Mathematics},
    VOLUME = {13},
      YEAR = {1974},
     PAGES = {115--175},
      ISSN = {0001-8708},
   MRCLASS = {13H10 (14M15)},
  MRNUMBER = {0347810},
MRREVIEWER = {M. Nagata},
}

@article{Wh1,
	Author = {H. Whitney},
	Journal = {Ann. Math.},
	Number = {2},
	Pages = {545--556},
	Title = {Elementary structure of analytic varieties},
	Volume = {66},
	Year = {1957}}

@inproceedings{Wh2,
	Author = {H. Whitney},
	Booktitle = {Differential and Combinatorial Topology},
	Pages = {205--244},
	Publisher = {Princeton Univ. Press},
	Title = {Local properties of analytic varieties},
	Year = {1965}}

@article{Wh3,
	Author = {H. Whitney},
	Journal = {Ann. Math.},
	Number = {2},
	Pages = {496--546},
	Title = {Tangents to an analytic variety},
	Volume = {81},
	Year = {1965}}

@book{ZS2,
	Address = {New York},
	Author = {O. Zariski and P. Samuel},
	Publisher = {Springer},
	Series = {Graduate Texts in Mathematics},
	Title = {Commutative algebra 2},
	Volume = {28},
	Year = {1975}}

@article{Za,
	Author = {O. Zariski},
	Journal = {Ann. Math},
	Pages = {639--689},
	Title = {The reduction of singularities of an algebraic surface},
	Volume = {40},
	Year = {1939}}

@article{Za1,
	Author = {O. Zariski},
	Journal = {CIME, Rome},
	Pages = {261--343},
	Title = {Contributions to the problem of equisingularity},
	Year = {1970}}
